{'e': 'trade', 'E': 1621479387580, 's': 'BTCUSDT', 't': 851425929, 'p': '37992.85000000', 'q': '0.03155100', 'b': 6024362261, 'a': 6024362264, 'T': 1621479387579, 'm': True, 'M': True}
{'e': 'trade', 'E': 1621479387585, 's': 'BTCUSDT', 't': 851425930, 'p': '37992.85000000', 'q': '0.00263100', 'b': 6024362261, 'a': 6024362270, 'T': 1621479387584, 'm': True, 'M': True}
{'e': 'trade', 'E': 1621479387687, 's': 'BTCUSDT', 't': 851425931, 'p': '37988.46000000', 'q': '0.04158300', 'b': 6024362323, 'a': 6024362311, 'T': 1621479387687, 'm': False, 'M': True}
{'e': 'trade', 'E': 1621479387701, 's': 'BTCUSDT', 't': 851425932, 'p': '37988.45000000', 'q': '0.00296300', 'b': 6024362029, 'a': 6024362326, 'T': 1621479387701, 'm': True, 'M': True}
{'e': 'trade', 'E': 1621479387701, 's': 'BTCUSDT', 't': 851425933, 'p': '37985.29000000', 'q': '0.00039500', 'b': 6024361986, 'a': 6024362326, 'T': 1621479387701, 'm': True, 'M': True}
{'e': 'trade', 'E': 1621479387701, 's': 'BTCUSDT', 't': 851425934, 'p': '37985.01000000', 'q': '0.00761100', 'b': 6024362287, 'a': 6024362326, 'T': 1621479387701, 'm': True, 'M': True}
{'e': 'trade', 'E': 1621479387725, 's': 'BTCUSDT', 't': 851425935, 'p': '37985.02000000', 'q': '0.00115800', 'b': 6024362342, 'a': 6024362331, 'T': 1621479387725, 'm': False, 'M': True}
{'e': 'trade', 'E': 1621479387770, 's': 'BTCUSDT', 't': 851425936, 'p': '37982.65000000', 'q': '0.06931800', 'b': 6024362373, 'a': 6024362360, 'T': 1621479387769, 'm': False, 'M': True}
{'e': 'trade', 'E': 1621479387819, 's': 'BTCUSDT', 't': 851425937, 'p': '37982.65000000', 'q': '0.02758300', 'b': 6024362384, 'a': 6024362360, 'T': 1621479387818, 'm': False, 'M': True}
{'e': 'trade', 'E': 1621479387828, 's': 'BTCUSDT', 't': 851425938, 'p': '37982.64000000', 'q': '0.23645100', 'b': 6024362066, 'a': 6024362389, 'T': 1621479387827, 'm': True, 'M': True}
{'e': 'trade', 'E': 1621479387828, 's': 'BTCUSDT', 't': 851425939, 'p': '37982.64000000', 'q': '0.03250000', 'b': 6024362376, 'a': 6024362389, 'T': 1621479387827, 'm': True, 'M': True}
{'e': 'trade', 'E': 1621479387828, 's': 'BTCUSDT', 't': 851425940, 'p': '37980.02000000', 'q': '0.00038900', 'b': 6024361448, 'a': 6024362389, 'T': 1621479387827, 'm': True, 'M': True}
{'e': 'trade', 'E': 1621479387834, 's': 'BTCUSDT', 't': 851425941, 'p': '37980.01000000', 'q': '0.00500200', 'b': 6024362395, 'a': 6024362389, 'T': 1621479387833, 'm': False, 'M': True}
{'e': 'trade', 'E': 1621479387856, 's': 'BTCUSDT', 't': 851425942, 'p': '37978.35000000', 'q': '0.00039500', 'b': 6024361251, 'a': 6024362402, 'T': 1621479387856, 'm': True, 'M': True}
{'e': 'trade', 'E': 1621479387856, 's': 'BTCUSDT', 't': 851425943, 'p': '37978.35000000', 'q': '0.00039500', 'b': 6024361261, 'a': 6024362402, 'T': 1621479387856, 'm': True, 'M': True}
{'e': 'trade', 'E': 1621479387856, 's': 'BTCUSDT', 't': 851425944, 'p': '37975.73000000', 'q': '0.00320000', 'b': 6024361164, 'a': 6024362402, 'T': 1621479387856, 'm': True, 'M': True}
{'e': 'trade', 'E': 1621479387863, 's': 'BTCUSDT', 't': 851425945, 'p': '37980.01000000', 'q': '0.07020000', 'b': 6024362404, 'a': 6024362389, 'T': 1621479387862, 'm': False, 'M': True}
{'e': 'trade', 'E': 1621479387913, 's': 'BTCUSDT', 't': 851425946, 'p': '37975.73000000', 'q': '0.00780000', 'b': 6024361164, 'a': 6024362418, 'T': 1621479387912, 'm': True, 'M': True}
{'e': 'trade', 'E': 1621479387913, 's': 'BTCUSDT', 't': 851425947, 'p': '37975.02000000', 'q': '0.23647900', 'b': 6024361508, 'a': 6024362418, 'T': 1621479387912, 'm': True, 'M': True}
{'e': 'trade', 'E': 1621479387913, 's': 'BTCUSDT', 't': 851425948, 'p': '37975.00000000', 'q': '0.01000000', 'b': 6024361927, 'a': 6024362418, 'T': 1621479387912, 'm': True, 'M': True}
{'e': 'trade', 'E': 1621479387918, 's': 'BTCUSDT', 't': 851425949, 'p': '37973.33000000', 'q': '0.05840500', 'b': 6024362412, 'a': 6024362422, 'T': 1621479387917, 'm': True, 'M': True}
{'e': 'trade', 'E': 1621479387918, 's': 'BTCUSDT', 't': 851425950, 'p': '37972.28000000', 'q': '0.00100200', 'b': 6024361397, 'a': 6024362422, 'T': 1621479387917, 'm': True, 'M': True}
{'e': 'trade', 'E': 1621479387918, 's': 'BTCUSDT', 't': 851425951, 'p': '37972.00000000', 'q': '0.01000000', 'b': 6024361945, 'a': 6024362422, 'T': 1621479387917, 'm': True, 'M': True}
{'e': 'trade', 'E': 1621479387918, 's': 'BTCUSDT', 't': 851425952, 'p': '37970.98000000', 'q': '0.43680000', 'b': 6024362416, 'a': 6024362422, 'T': 1621479387917, 'm': True, 'M': True}
{'e': 'trade', 'E': 1621479387918, 's': 'BTCUSDT', 't': 851425953, 'p': '37970.97000000', 'q': '0.27423100', 'b': 6024362413, 'a': 6024362422, 'T': 1621479387917, 'm': True, 'M': True}
{'e': 'trade', 'E': 1621479387921, 's': 'BTCUSDT', 't': 851425954, 'p': '37970.97000000', 'q': '0.97376900', 'b': 6024362413, 'a': 6024362425, 'T': 1621479387920, 'm': True, 'M': True}
{'e': 'trade', 'E': 1621479387924, 's': 'BTCUSDT', 't': 851425955, 'p': '37976.28000000', 'q': '0.51647700', 'b': 6024362426, 'a': 6024362429, 'T': 1621479387924, 'm': True, 'M': True}
{'e': 'trade', 'E': 1621479387930, 's': 'BTCUSDT', 't': 851425956, 'p': '37976.70000000', 'q': '0.00202800', 'b': 6024362433, 'a': 6024362423, 'T': 1621479387929, 'm': False, 'M': True}
{'e': 'trade', 'E': 1621479387935, 's': 'BTCUSDT', 't': 851425957, 'p': '37976.28000000', 'q': '0.23352300', 'b': 6024362426, 'a': 6024362439, 'T': 1621479387934, 'm': True, 'M': True}
{'e': 'trade', 'E': 1621479387935, 's': 'BTCUSDT', 't': 851425958, 'p': '37972.29000000', 'q': '0.29160000', 'b': 6024362438, 'a': 6024362439, 'T': 1621479387934, 'm': True, 'M': True}
{'e': 'trade', 'E': 1621479387935, 's': 'BTCUSDT', 't': 851425959, 'p': '37969.96000000', 'q': '0.05734400', 'b': 6024362367, 'a': 6024362439, 'T': 1621479387934, 'm': True, 'M': True}
{'e': 'trade', 'E': 1621479387935, 's': 'BTCUSDT', 't': 851425960, 'p': '37969.90000000', 'q': '0.02000000', 'b': 6024361865, 'a': 6024362439, 'T': 1621479387934, 'm': True, 'M': True}
{'e': 'trade', 'E': 1621479387945, 's': 'BTCUSDT', 't': 851425961, 'p': '37971.00000000', 'q': '0.05840500', 'b': 6024362440, 'a': 6024362453, 'T': 1621479387944, 'm': True, 'M': True}
{'e': 'trade', 'E': 1621479387945, 's': 'BTCUSDT', 't': 851425962, 'p': '37969.00000000', 'q': '0.01000000', 'b': 6024361929, 'a': 6024362453, 'T': 1621479387944, 'm': True, 'M': True}
{'e': 'trade', 'E': 1621479387945, 's': 'BTCUSDT', 't': 851425963, 'p': '37967.17000000', 'q': '0.00702400', 'b': 6024347026, 'a': 6024362453, 'T': 1621479387944, 'm': True, 'M': True}
{'e': 'trade', 'E': 1621479387945, 's': 'BTCUSDT', 't': 851425964, 'p': '37965.16000000', 'q': '0.01210900', 'b': 6024361500, 'a': 6024362453, 'T': 1621479387944, 'm': True, 'M': True}
{'e': 'trade', 'E': 1621479387952, 's': 'BTCUSDT', 't': 851425965, 'p': '37964.66000000', 'q': '0.10323700', 'b': 6024362437, 'a': 6024362462, 'T': 1621479387951, 'm': True, 'M': True}
{'e': 'trade', 'E': 1621479387952, 's': 'BTCUSDT', 't': 851425966, 'p': '37964.65000000', 'q': '0.10000000', 'b': 6024362406, 'a': 6024362462, 'T': 1621479387951, 'm': True, 'M': True}
{'e': 'trade', 'E': 1621479387952, 's': 'BTCUSDT', 't': 851425967, 'p': '37964.06000000', 'q': '0.19496500', 'b': 6024362004, 'a': 6024362462, 'T': 1621479387951, 'm': True, 'M': True}
{'e': 'trade', 'E': 1621479387963, 's': 'BTCUSDT', 't': 851425968, 'p': '37969.01000000', 'q': '0.02205500', 'b': 6024362476, 'a': 6024362459, 'T': 1621479387962, 'm': False, 'M': True}
{'e': 'trade', 'E': 1621479388058, 's': 'BTCUSDT', 't': 851425969, 'p': '37969.46000000', 'q': '0.07380100', 'b': 6024362543, 'a': 6024362541, 'T': 1621479388040, 'm': False, 'M': True}
{'e': 'trade', 'E': 1621479388066, 's': 'BTCUSDT', 't': 851425970, 'p': '37970.16000000', 'q': '0.01768600', 'b': 6024362543, 'a': 6024362549, 'T': 1621479388048, 'm': True, 'M': True}
{'e': 'trade', 'E': 1621479388083, 's': 'BTCUSDT', 't': 851425971, 'p': '37970.17000000', 'q': '0.04369400', 'b': 6024362557, 'a': 6024362556, 'T': 1621479388067, 'm': False, 'M': True}
{'e': 'trade', 'E': 1621479388083, 's': 'BTCUSDT', 't': 851425972, 'p': '37970.49000000', 'q': '0.06973000', 'b': 6024362557, 'a': 6024362550, 'T': 1621479388067, 'm': False, 'M': True}
{'e': 'trade', 'E': 1621479388083, 's': 'BTCUSDT', 't': 851425973, 'p': '37970.50000000', 'q': '0.12483700', 'b': 6024362557, 'a': 6024362535, 'T': 1621479388067, 'm': False, 'M': True}
{'e': 'trade', 'E': 1621479388083, 's': 'BTCUSDT', 't': 851425974, 'p': '37971.43000000', 'q': '0.02603800', 'b': 6024362557, 'a': 6024362525, 'T': 1621479388067, 'm': False, 'M': True}
{'e': 'trade', 'E': 1621479388083, 's': 'BTCUSDT', 't': 851425975, 'p': '37975.99000000', 'q': '0.10556100', 'b': 6024362557, 'a': 6024362554, 'T': 1621479388067, 'm': False, 'M': True}
{'e': 'trade', 'E': 1621479388083, 's': 'BTCUSDT', 't': 851425976, 'p': '37976.00000000', 'q': '0.01000000', 'b': 6024362557, 'a': 6024362533, 'T': 1621479388067, 'm': False, 'M': True}
{'e': 'trade', 'E': 1621479388083, 's': 'BTCUSDT', 't': 851425977, 'p': '37976.27000000', 'q': '0.29160000', 'b': 6024362557, 'a': 6024362540, 'T': 1621479388067, 'm': False, 'M': True}
{'e': 'trade', 'E': 1621479388083, 's': 'BTCUSDT', 't': 851425978, 'p': '37976.27000000', 'q': '0.05734400', 'b': 6024362557, 'a': 6024362542, 'T': 1621479388067, 'm': False, 'M': True}
{'e': 'trade', 'E': 1621479388083, 's': 'BTCUSDT', 't': 851425979, 'p': '37977.18000000', 'q': '0.05714300', 'b': 6024362557, 'a': 6024362524, 'T': 1621479388067, 'm': False, 'M': True}
{'e': 'trade', 'E': 1621479388083, 's': 'BTCUSDT', 't': 851425980, 'p': '37977.19000000', 'q': '0.16326800', 'b': 6024362557, 'a': 6024362431, 'T': 1621479388067, 'm': False, 'M': True}
{'e': 'trade', 'E': 1621479388083, 's': 'BTCUSDT', 't': 851425981, 'p': '37978.38000000', 'q': '0.05078500', 'b': 6024362557, 'a': 6024362516, 'T': 1621479388067, 'm': False, 'M': True}
{'e': 'trade', 'E': 1621479388084, 's': 'BTCUSDT', 't': 851425982, 'p': '37970.16000000', 'q': '0.03851300', 'b': 6024362543, 'a': 6024362558, 'T': 1621479388069, 'm': True, 'M': True}
{'e': 'trade', 'E': 1621479388105, 's': 'BTCUSDT', 't': 851425983, 'p': '37968.76000000', 'q': '0.00155800', 'b': 6024362577, 'a': 6024362576, 'T': 1621479388092, 'm': False, 'M': True}
{'e': 'trade', 'E': 1621479388129, 's': 'BTCUSDT', 't': 851425984, 'p': '37964.78000000', 'q': '0.02000000', 'b': 6024362580, 'a': 6024362584, 'T': 1621479388116, 'm': True, 'M': True}
{'e': 'trade', 'E': 1621479388178, 's': 'BTCUSDT', 't': 851425985, 'p': '37964.67000000', 'q': '0.02000000', 'b': 6024362552, 'a': 6024362616, 'T': 1621479388168, 'm': True, 'M': True}
{'e': 'trade', 'E': 1621479388181, 's': 'BTCUSDT', 't': 851425986, 'p': '37961.83000000', 'q': '0.02979600', 'b': 6024362615, 'a': 6024362619, 'T': 1621479388173, 'm': True, 'M': True}
{'e': 'trade', 'E': 1621479388181, 's': 'BTCUSDT', 't': 851425987, 'p': '37955.29000000', 'q': '0.02430300', 'b': 6024362617, 'a': 6024362619, 'T': 1621479388173, 'm': True, 'M': True}
{'e': 'trade', 'E': 1621479388181, 's': 'BTCUSDT', 't': 851425988, 'p': '37955.28000000', 'q': '0.00590100', 'b': 6024362553, 'a': 6024362619, 'T': 1621479388173, 'm': True, 'M': True}
{'e': 'trade', 'E': 1621479388188, 's': 'BTCUSDT', 't': 851425989, 'p': '37964.68000000', 'q': '0.06239300', 'b': 6024362628, 'a': 6024362597, 'T': 1621479388182, 'm': False, 'M': True}
{'e': 'trade', 'E': 1621479388238, 's': 'BTCUSDT', 't': 851425990, 'p': '37959.94000000', 'q': '0.01300900', 'b': 6024362659, 'a': 6024362649, 'T': 1621479388234, 'm': False, 'M': True}
{'e': 'trade', 'E': 1621479388265, 's': 'BTCUSDT', 't': 851425991, 'p': '37959.93000000', 'q': '0.00206300', 'b': 6024362672, 'a': 6024362666, 'T': 1621479388260, 'm': False, 'M': True}
{'e': 'trade', 'E': 1621479388269, 's': 'BTCUSDT', 't': 851425992, 'p': '37959.85000000', 'q': '0.05199100', 'b': 6024362674, 'a': 6024362673, 'T': 1621479388264, 'm': False, 'M': True}
{'e': 'trade', 'E': 1621479388315, 's': 'BTCUSDT', 't': 851425993, 'p': '37959.84000000', 'q': '0.01449300', 'b': 6024362702, 'a': 6024362693, 'T': 1621479388313, 'm': False, 'M': True}
{'e': 'trade', 'E': 1621479388371, 's': 'BTCUSDT', 't': 851425994, 'p': '37957.95000000', 'q': '0.00332000', 'b': 6024362717, 'a': 6024362705, 'T': 1621479388371, 'm': False, 'M': True}
{'e': 'trade', 'E': 1621479388426, 's': 'BTCUSDT', 't': 851425995, 'p': '37956.04000000', 'q': '0.05405500', 'b': 6024362739, 'a': 6024362720, 'T': 1621479388424, 'm': False, 'M': True}
{'e': 'trade', 'E': 1621479388431, 's': 'BTCUSDT', 't': 851425996, 'p': '37953.27000000', 'q': '0.00164000', 'b': 6024353739, 'a': 6024362742, 'T': 1621479388430, 'm': True, 'M': True}
{'e': 'trade', 'E': 1621479388431, 's': 'BTCUSDT', 't': 851425997, 'p': '37951.42000000', 'q': '0.02376200', 'b': 6024362741, 'a': 6024362742, 'T': 1621479388430, 'm': True, 'M': True}
{'e': 'trade', 'E': 1621479388431, 's': 'BTCUSDT', 't': 851425998, 'p': '37951.41000000', 'q': '0.03200000', 'b': 6024334856, 'a': 6024362742, 'T': 1621479388430, 'm': True, 'M': True}
{'e': 'trade', 'E': 1621479388431, 's': 'BTCUSDT', 't': 851425999, 'p': '37950.88000000', 'q': '0.01837000', 'b': 6024362732, 'a': 6024362742, 'T': 1621479388430, 'm': True, 'M': True}
{'e': 'trade', 'E': 1621479388437, 's': 'BTCUSDT', 't': 851426000, 'p': '37956.04000000', 'q': '0.00789400', 'b': 6024362744, 'a': 6024362720, 'T': 1621479388436, 'm': False, 'M': True}
{'e': 'trade', 'E': 1621479388438, 's': 'BTCUSDT', 't': 851426001, 'p': '37956.04000000', 'q': '0.00086100', 'b': 6024362745, 'a': 6024362720, 'T': 1621479388438, 'm': False, 'M': True}
{'e': 'trade', 'E': 1621479388462, 's': 'BTCUSDT', 't': 851426002, 'p': '37954.13000000', 'q': '0.03250000', 'b': 6024362760, 'a': 6024362753, 'T': 1621479388461, 'm': False, 'M': True}
{'e': 'trade', 'E': 1621479388520, 's': 'BTCUSDT', 't': 851426003, 'p': '37954.13000000', 'q': '0.01000000', 'b': 6024362771, 'a': 6024362761, 'T': 1621479388517, 'm': False, 'M': True}
{'e': 'trade', 'E': 1621479388521, 's': 'BTCUSDT', 't': 851426004, 'p': '37954.13000000', 'q': '0.00352200', 'b': 6024362773, 'a': 6024362761, 'T': 1621479388518, 'm': False, 'M': True}
{'e': 'trade', 'E': 1621479388582, 's': 'BTCUSDT', 't': 851426005, 'p': '37954.13000000', 'q': '0.00228000', 'b': 6024362794, 'a': 6024362761, 'T': 1621479388581, 'm': False, 'M': True}
{'e': 'trade', 'E': 1621479388586, 's': 'BTCUSDT', 't': 851426006, 'p': '37954.13000000', 'q': '0.00084900', 'b': 6024362796, 'a': 6024362761, 'T': 1621479388585, 'm': False, 'M': True}
{'e': 'trade', 'E': 1621479388615, 's': 'BTCUSDT', 't': 851426007, 'p': '37954.13000000', 'q': '0.01301500', 'b': 6024362803, 'a': 6024362761, 'T': 1621479388614, 'm': False, 'M': True}
{'e': 'trade', 'E': 1621479388688, 's': 'BTCUSDT', 't': 851426008, 'p': '37948.12000000', 'q': '0.00123400', 'b': 6024362832, 'a': 6024362820, 'T': 1621479388687, 'm': False, 'M': True}
{'e': 'trade', 'E': 1621479388713, 's': 'BTCUSDT', 't': 851426009, 'p': '37948.12000000', 'q': '0.00167800', 'b': 6024362846, 'a': 6024362820, 'T': 1621479388712, 'm': False, 'M': True}
{'e': 'trade', 'E': 1621479388734, 's': 'BTCUSDT', 't': 851426010, 'p': '37948.12000000', 'q': '0.00039900', 'b': 6024362857, 'a': 6024362820, 'T': 1621479388733, 'm': False, 'M': True}
{'e': 'trade', 'E': 1621479388778, 's': 'BTCUSDT', 't': 851426011, 'p': '37948.12000000', 'q': '0.00052000', 'b': 6024362863, 'a': 6024362820, 'T': 1621479388777, 'm': False, 'M': True}
{'e': 'trade', 'E': 1621479388784, 's': 'BTCUSDT', 't': 851426012, 'p': '37948.11000000', 'q': '0.02060100', 'b': 6024362847, 'a': 6024362864, 'T': 1621479388783, 'm': True, 'M': True}
{'e': 'trade', 'E': 1621479388784, 's': 'BTCUSDT', 't': 851426013, 'p': '37948.11000000', 'q': '0.00939900', 'b': 6024362849, 'a': 6024362864, 'T': 1621479388783, 'm': True, 'M': True}
{'e': 'trade', 'E': 1621479388826, 's': 'BTCUSDT', 't': 851426014, 'p': '37948.12000000', 'q': '0.00579500', 'b': 6024362877, 'a': 6024362820, 'T': 1621479388825, 'm': False, 'M': True}
{'e': 'trade', 'E': 1621479388856, 's': 'BTCUSDT', 't': 851426015, 'p': '37948.11000000', 'q': '0.00085000', 'b': 6024362849, 'a': 6024362881, 'T': 1621479388855, 'm': True, 'M': True}
{'e': 'trade', 'E': 1621479388860, 's': 'BTCUSDT', 't': 851426016, 'p': '37948.12000000', 'q': '0.03031400', 'b': 6024362883, 'a': 6024362820, 'T': 1621479388859, 'm': False, 'M': True}
{'e': 'trade', 'E': 1621479388860, 's': 'BTCUSDT', 't': 851426017, 'p': '37948.12000000', 'q': '0.00616900', 'b': 6024362883, 'a': 6024362866, 'T': 1621479388859, 'm': False, 'M': True}
{'e': 'trade', 'E': 1621479388909, 's': 'BTCUSDT', 't': 851426018, 'p': '37948.14000000', 'q': '0.00265000', 'b': 6024362914, 'a': 6024362865, 'T': 1621479388908, 'm': False, 'M': True}
{'e': 'trade', 'E': 1621479388934, 's': 'BTCUSDT', 't': 851426019, 'p': '37948.14000000', 'q': '0.00351900', 'b': 6024362926, 'a': 6024362865, 'T': 1621479388933, 'm': False, 'M': True}
{'e': 'trade', 'E': 1621479388934, 's': 'BTCUSDT', 't': 851426020, 'p': '37948.16000000', 'q': '0.00174900', 'b': 6024362926, 'a': 6024362867, 'T': 1621479388933, 'm': False, 'M': True}
{'e': 'trade', 'E': 1621479388975, 's': 'BTCUSDT', 't': 851426021, 'p': '37948.16000000', 'q': '0.00039800', 'b': 6024362943, 'a': 6024362867, 'T': 1621479388974, 'm': False, 'M': True}
{'e': 'trade', 'E': 1621479389034, 's': 'BTCUSDT', 't': 851426022, 'p': '37948.16000000', 'q': '0.00042900', 'b': 6024362954, 'a': 6024362867, 'T': 1621479389030, 'm': False, 'M': True}
{'e': 'trade', 'E': 1621479389072, 's': 'BTCUSDT', 't': 851426023, 'p': '37948.15000000', 'q': '0.00283700', 'b': 6024362929, 'a': 6024362965, 'T': 1621479389071, 'm': True, 'M': True}
{'e': 'trade', 'E': 1621479389089, 's': 'BTCUSDT', 't': 851426024, 'p': '37948.15000000', 'q': '0.00295400', 'b': 6024362929, 'a': 6024362970, 'T': 1621479389088, 'm': True, 'M': True}
{'e': 'trade', 'E': 1621479389104, 's': 'BTCUSDT', 't': 851426025, 'p': '37948.15000000', 'q': '0.00140000', 'b': 6024362929, 'a': 6024362973, 'T': 1621479389103, 'm': True, 'M': True}
{'e': 'trade', 'E': 1621479389105, 's': 'BTCUSDT', 't': 851426026, 'p': '37948.15000000', 'q': '0.00060000', 'b': 6024362929, 'a': 6024362974, 'T': 1621479389104, 'm': True, 'M': True}
{'e': 'trade', 'E': 1621479389134, 's': 'BTCUSDT', 't': 851426027, 'p': '37948.16000000', 'q': '0.00293700', 'b': 6024362977, 'a': 6024362867, 'T': 1621479389133, 'm': False, 'M': True}
{'e': 'trade', 'E': 1621479389161, 's': 'BTCUSDT', 't': 851426028, 'p': '37948.16000000', 'q': '0.00065800', 'b': 6024362982, 'a': 6024362867, 'T': 1621479389160, 'm': False, 'M': True}
{'e': 'trade', 'E': 1621479389161, 's': 'BTCUSDT', 't': 851426029, 'p': '37948.16000000', 'q': '0.01555800', 'b': 6024362982, 'a': 6024362975, 'T': 1621479389160, 'm': False, 'M': True}
{'e': 'trade', 'E': 1621479389227, 's': 'BTCUSDT', 't': 851426030, 'p': '37948.16000000', 'q': '0.00111300', 'b': 6024362994, 'a': 6024362975, 'T': 1621479389227, 'm': False, 'M': True}
{'e': 'trade', 'E': 1621479389272, 's': 'BTCUSDT', 't': 851426031, 'p': '37948.16000000', 'q': '0.00859800', 'b': 6024363001, 'a': 6024362975, 'T': 1621479389272, 'm': False, 'M': True}
{'e': 'trade', 'E': 1621479389282, 's': 'BTCUSDT', 't': 851426032, 'p': '37948.16000000', 'q': '0.07473100', 'b': 6024363003, 'a': 6024362975, 'T': 1621479389275, 'm': False, 'M': True}
{'e': 'trade', 'E': 1621479389282, 's': 'BTCUSDT', 't': 851426033, 'p': '37955.88000000', 'q': '0.02154600', 'b': 6024363003, 'a': 6024362833, 'T': 1621479389275, 'm': False, 'M': True}
{'e': 'trade', 'E': 1621479389282, 's': 'BTCUSDT', 't': 851426034, 'p': '37955.88000000', 'q': '0.04243300', 'b': 6024363003, 'a': 6024362993, 'T': 1621479389275, 'm': False, 'M': True}
{'e': 'trade', 'E': 1621479389282, 's': 'BTCUSDT', 't': 851426035, 'p': '37955.89000000', 'q': '0.05936800', 'b': 6024363003, 'a': 6024362814, 'T': 1621479389275, 'm': False, 'M': True}
{'e': 'trade', 'E': 1621479389282, 's': 'BTCUSDT', 't': 851426036, 'p': '37956.84000000', 'q': '0.02121000', 'b': 6024363003, 'a': 6024362810, 'T': 1621479389275, 'm': False, 'M': True}
{'e': 'trade', 'E': 1621479389282, 's': 'BTCUSDT', 't': 851426037, 'p': '37960.00000000', 'q': '0.03500000', 'b': 6024363003, 'a': 6024362936, 'T': 1621479389275, 'm': False, 'M': True}
{'e': 'trade', 'E': 1621479389282, 's': 'BTCUSDT', 't': 851426038, 'p': '37960.01000000', 'q': '0.01439700', 'b': 6024363003, 'a': 6024362927, 'T': 1621479389275, 'm': False, 'M': True}
{'e': 'trade', 'E': 1621479389561, 's': 'BTCUSDT', 't': 851426039, 'p': '37961.99000000', 'q': '0.25000000', 'b': 6024363103, 'a': 6024363112, 'T': 1621479389561, 'm': True, 'M': True}
{'e': 'trade', 'E': 1621479389563, 's': 'BTCUSDT', 't': 851426040, 'p': '37961.99000000', 'q': '0.06500000', 'b': 6024363107, 'a': 6024363113, 'T': 1621479389562, 'm': True, 'M': True}
{'e': 'trade', 'E': 1621479389563, 's': 'BTCUSDT', 't': 851426041, 'p': '37961.99000000', 'q': '0.11007700', 'b': 6024363108, 'a': 6024363113, 'T': 1621479389562, 'm': True, 'M': True}
{'e': 'trade', 'E': 1621479389633, 's': 'BTCUSDT', 't': 851426042, 'p': '37959.85000000', 'q': '0.00135400', 'b': 6024363153, 'a': 6024363133, 'T': 1621479389632, 'm': False, 'M': True}
{'e': 'trade', 'E': 1621479389749, 's': 'BTCUSDT', 't': 851426043, 'p': '37959.74000000', 'q': '0.01302300', 'b': 6024363178, 'a': 6024363156, 'T': 1621479389749, 'm': False, 'M': True}
{'e': 'trade', 'E': 1621479389975, 's': 'BTCUSDT', 't': 851426044, 'p': '37956.42000000', 'q': '0.00088000', 'b': 6024363202, 'a': 6024363213, 'T': 1621479389975, 'm': True, 'M': True}
{'e': 'trade', 'E': 1621479390058, 's': 'BTCUSDT', 't': 851426045, 'p': '37958.90000000', 'q': '0.02001600', 'b': 6024363233, 'a': 6024363234, 'T': 1621479390055, 'm': True, 'M': True}
{'e': 'trade', 'E': 1621479390058, 's': 'BTCUSDT', 't': 851426046, 'p': '37958.60000000', 'q': '0.04733000', 'b': 6024363221, 'a': 6024363234, 'T': 1621479390055, 'm': True, 'M': True}
{'e': 'trade', 'E': 1621479390058, 's': 'BTCUSDT', 't': 851426047, 'p': '37956.70000000', 'q': '0.07879800', 'b': 6024363217, 'a': 6024363234, 'T': 1621479390055, 'm': True, 'M': True}
{'e': 'trade', 'E': 1621479390058, 's': 'BTCUSDT', 't': 851426048, 'p': '37954.74000000', 'q': '0.04763600', 'b': 6024363232, 'a': 6024363234, 'T': 1621479390055, 'm': True, 'M': True}
{'e': 'trade', 'E': 1621479390058, 's': 'BTCUSDT', 't': 851426049, 'p': '37954.53000000', 'q': '0.02358200', 'b': 6024363224, 'a': 6024363234, 'T': 1621479390055, 'm': True, 'M': True}
{'e': 'trade', 'E': 1621479390069, 's': 'BTCUSDT', 't': 851426050, 'p': '37961.70000000', 'q': '0.00635600', 'b': 6024363241, 'a': 6024363225, 'T': 1621479390069, 'm': False, 'M': True}
{'e': 'trade', 'E': 1621479390182, 's': 'BTCUSDT', 't': 851426051, 'p': '37961.99000000', 'q': '0.00237900', 'b': 6024363257, 'a': 6024363303, 'T': 1621479390181, 'm': True, 'M': True}
{'e': 'trade', 'E': 1621479390203, 's': 'BTCUSDT', 't': 851426052, 'p': '37962.00000000', 'q': '0.01000000', 'b': 6024363312, 'a': 6024362882, 'T': 1621479390202, 'm': False, 'M': True}
{'e': 'trade', 'E': 1621479390203, 's': 'BTCUSDT', 't': 851426053, 'p': '37963.76000000', 'q': '0.10000000', 'b': 6024363312, 'a': 6024362879, 'T': 1621479390202, 'm': False, 'M': True}
{'e': 'trade', 'E': 1621479390244, 's': 'BTCUSDT', 't': 851426054, 'p': '37969.73000000', 'q': '0.01750000', 'b': 6024363344, 'a': 6024362662, 'T': 1621479390242, 'm': False, 'M': True}
{'e': 'trade', 'E': 1621479390244, 's': 'BTCUSDT', 't': 851426055, 'p': '37970.06000000', 'q': '0.02250000', 'b': 6024363344, 'a': 6024363321, 'T': 1621479390242, 'm': False, 'M': True}
{'e': 'trade', 'E': 1621479390286, 's': 'BTCUSDT', 't': 851426056, 'p': '37970.05000000', 'q': '0.00094500', 'b': 6024363354, 'a': 6024363370, 'T': 1621479390285, 'm': True, 'M': True}
{'e': 'trade', 'E': 1621479390300, 's': 'BTCUSDT', 't': 851426057, 'p': '37970.05000000', 'q': '0.00069700', 'b': 6024363354, 'a': 6024363378, 'T': 1621479390299, 'm': True, 'M': True}
{'e': 'trade', 'E': 1621479390395, 's': 'BTCUSDT', 't': 851426058, 'p': '37973.47000000', 'q': '0.00141300', 'b': 6024363404, 'a': 6024363429, 'T': 1621479390394, 'm': True, 'M': True}
{'e': 'trade', 'E': 1621479390430, 's': 'BTCUSDT', 't': 851426059, 'p': '37973.48000000', 'q': '0.01255500', 'b': 6024363434, 'a': 6024363387, 'T': 1621479390428, 'm': False, 'M': True}
{'e': 'trade', 'E': 1621479390459, 's': 'BTCUSDT', 't': 851426060, 'p': '37973.47000000', 'q': '0.00252300', 'b': 6024363404, 'a': 6024363441, 'T': 1621479390458, 'm': True, 'M': True}
{'e': 'trade', 'E': 1621479390486, 's': 'BTCUSDT', 't': 851426061, 'p': '37975.37000000', 'q': '0.00252300', 'b': 6024363444, 'a': 6024363453, 'T': 1621479390486, 'm': True, 'M': True}
{'e': 'trade', 'E': 1621479390527, 's': 'BTCUSDT', 't': 851426062, 'p': '37975.37000000', 'q': '0.02000000', 'b': 6024363444, 'a': 6024363464, 'T': 1621479390526, 'm': True, 'M': True}
{'e': 'trade', 'E': 1621479390540, 's': 'BTCUSDT', 't': 851426063, 'p': '37975.38000000', 'q': '0.00200000', 'b': 6024363466, 'a': 6024363171, 'T': 1621479390537, 'm': False, 'M': True}
{'e': 'trade', 'E': 1621479390540, 's': 'BTCUSDT', 't': 851426064, 'p': '37977.85000000', 'q': '0.03473500', 'b': 6024363466, 'a': 6024363409, 'T': 1621479390537, 'm': False, 'M': True}
{'e': 'trade', 'E': 1621479390540, 's': 'BTCUSDT', 't': 851426065, 'p': '37978.51000000', 'q': '0.02000000', 'b': 6024363466, 'a': 6024363130, 'T': 1621479390537, 'm': False, 'M': True}
{'e': 'trade', 'E': 1621479390540, 's': 'BTCUSDT', 't': 851426066, 'p': '37979.92000000', 'q': '0.02747700', 'b': 6024363466, 'a': 6024362851, 'T': 1621479390537, 'm': False, 'M': True}
{'e': 'trade', 'E': 1621479390648, 's': 'BTCUSDT', 't': 851426067, 'p': '37979.91000000', 'q': '0.18432700', 'b': 6024363477, 'a': 6024363496, 'T': 1621479390646, 'm': True, 'M': True}
{'e': 'trade', 'E': 1621479390677, 's': 'BTCUSDT', 't': 851426068, 'p': '37979.91000000', 'q': '0.01230300', 'b': 6024363477, 'a': 6024363510, 'T': 1621479390676, 'm': True, 'M': True}
{'e': 'trade', 'E': 1621479390717, 's': 'BTCUSDT', 't': 851426069, 'p': '37979.92000000', 'q': '0.00080400', 'b': 6024363518, 'a': 6024363486, 'T': 1621479390715, 'm': False, 'M': True}
{'e': 'trade', 'E': 1621479390736, 's': 'BTCUSDT', 't': 851426070, 'p': '37979.92000000', 'q': '0.00647500', 'b': 6024363526, 'a': 6024363486, 'T': 1621479390734, 'm': False, 'M': True}
{'e': 'trade', 'E': 1621479390769, 's': 'BTCUSDT', 't': 851426071, 'p': '37979.92000000', 'q': '0.00026500', 'b': 6024363534, 'a': 6024363486, 'T': 1621479390768, 'm': False, 'M': True}
{'e': 'trade', 'E': 1621479390983, 's': 'BTCUSDT', 't': 851426072, 'p': '37975.80000000', 'q': '0.00699000', 'b': 6024363562, 'a': 6024363570, 'T': 1621479390981, 'm': True, 'M': True}
{'e': 'trade', 'E': 1621479390999, 's': 'BTCUSDT', 't': 851426073, 'p': '37977.23000000', 'q': '0.00032700', 'b': 6024363585, 'a': 6024363574, 'T': 1621479390998, 'm': False, 'M': True}
{'e': 'trade', 'E': 1621479391048, 's': 'BTCUSDT', 't': 851426074, 'p': '37977.23000000', 'q': '0.02353400', 'b': 6024363608, 'a': 6024363574, 'T': 1621479391045, 'm': False, 'M': True}
{'e': 'trade', 'E': 1621479391187, 's': 'BTCUSDT', 't': 851426075, 'p': '37977.23000000', 'q': '0.01563900', 'b': 6024363627, 'a': 6024363574, 'T': 1621479391185, 'm': False, 'M': True}
{'e': 'trade', 'E': 1621479391219, 's': 'BTCUSDT', 't': 851426076, 'p': '37977.23000000', 'q': '0.00542000', 'b': 6024363636, 'a': 6024363574, 'T': 1621479391216, 'm': False, 'M': True}
{'e': 'trade', 'E': 1621479391219, 's': 'BTCUSDT', 't': 851426077, 'p': '37977.23000000', 'q': '0.15798900', 'b': 6024363636, 'a': 6024363630, 'T': 1621479391216, 'm': False, 'M': True}
{'e': 'trade', 'E': 1621479391231, 's': 'BTCUSDT', 't': 851426078, 'p': '37979.11000000', 'q': '0.02237500', 'b': 6024363642, 'a': 6024363644, 'T': 1621479391230, 'm': True, 'M': True}
{'e': 'trade', 'E': 1621479391231, 's': 'BTCUSDT', 't': 851426079, 'p': '37977.40000000', 'q': '0.02000000', 'b': 6024363643, 'a': 6024363644, 'T': 1621479391230, 'm': True, 'M': True}
{'e': 'trade', 'E': 1621479391231, 's': 'BTCUSDT', 't': 851426080, 'p': '37977.22000000', 'q': '0.00155500', 'b': 6024363613, 'a': 6024363644, 'T': 1621479391230, 'm': True, 'M': True}
{'e': 'trade', 'E': 1621479391265, 's': 'BTCUSDT', 't': 851426081, 'p': '37977.24000000', 'q': '0.03250000', 'b': 6024363657, 'a': 6024363655, 'T': 1621479391264, 'm': False, 'M': True}
{'e': 'trade', 'E': 1621479391265, 's': 'BTCUSDT', 't': 851426082, 'p': '37979.12000000', 'q': '0.15197100', 'b': 6024363657, 'a': 6024363645, 'T': 1621479391264, 'm': False, 'M': True}
{'e': 'trade', 'E': 1621479391265, 's': 'BTCUSDT', 't': 851426083, 'p': '37979.12000000', 'q': '0.00601400', 'b': 6024363658, 'a': 6024363645, 'T': 1621479391264, 'm': False, 'M': True}
{'e': 'trade', 'E': 1621479391265, 's': 'BTCUSDT', 't': 851426084, 'p': '37979.13000000', 'q': '0.09926600', 'b': 6024363658, 'a': 6024363559, 'T': 1621479391264, 'm': False, 'M': True}
{'e': 'trade', 'E': 1621479391265, 's': 'BTCUSDT', 't': 851426085, 'p': '37980.00000000', 'q': '0.78197600', 'b': 6024363658, 'a': 6024363626, 'T': 1621479391264, 'm': False, 'M': True}
{'e': 'trade', 'E': 1621479391272, 's': 'BTCUSDT', 't': 851426086, 'p': '37980.00000000', 'q': '0.63230400', 'b': 6024363659, 'a': 6024363626, 'T': 1621479391270, 'm': False, 'M': True}
{'e': 'trade', 'E': 1621479391272, 's': 'BTCUSDT', 't': 851426087, 'p': '37980.01000000', 'q': '5.79709900', 'b': 6024363659, 'a': 6024362389, 'T': 1621479391270, 'm': False, 'M': True}
{'e': 'trade', 'E': 1621479391279, 's': 'BTCUSDT', 't': 851426088, 'p': '37980.01000000', 'q': '0.55071100', 'b': 6024363664, 'a': 6024362389, 'T': 1621479391278, 'm': False, 'M': True}
{'e': 'trade', 'E': 1621479391279, 's': 'BTCUSDT', 't': 851426089, 'p': '37980.01000000', 'q': '1.04023200', 'b': 6024363666, 'a': 6024362389, 'T': 1621479391278, 'm': False, 'M': True}
{'e': 'trade', 'E': 1621479391285, 's': 'BTCUSDT', 't': 851426090, 'p': '37979.12000000', 'q': '0.00041900', 'b': 6024363671, 'a': 6024363673, 'T': 1621479391284, 'm': True, 'M': True}
{'e': 'trade', 'E': 1621479391287, 's': 'BTCUSDT', 't': 851426091, 'p': '37980.00000000', 'q': '0.00835000', 'b': 6024363674, 'a': 6024363669, 'T': 1621479391287, 'm': False, 'M': True}
{'e': 'trade', 'E': 1621479391288, 's': 'BTCUSDT', 't': 851426092, 'p': '37980.00000000', 'q': '0.14963400', 'b': 6024363675, 'a': 6024363669, 'T': 1621479391287, 'm': False, 'M': True}
{'e': 'trade', 'E': 1621479391288, 's': 'BTCUSDT', 't': 851426093, 'p': '37980.01000000', 'q': '1.16595300', 'b': 6024363675, 'a': 6024362389, 'T': 1621479391287, 'm': False, 'M': True}
{'e': 'trade', 'E': 1621479391288, 's': 'BTCUSDT', 't': 851426094, 'p': '37980.01000000', 'q': '0.44144200', 'b': 6024363676, 'a': 6024362389, 'T': 1621479391288, 'm': False, 'M': True}
{'e': 'trade', 'E': 1621479391291, 's': 'BTCUSDT', 't': 851426095, 'p': '37980.01000000', 'q': '2.51137100', 'b': 6024363679, 'a': 6024362389, 'T': 1621479391290, 'm': False, 'M': True}
{'e': 'trade', 'E': 1621479391299, 's': 'BTCUSDT', 't': 851426096, 'p': '37980.01000000', 'q': '1.95280400', 'b': 6024363686, 'a': 6024362389, 'T': 1621479391298, 'm': False, 'M': True}
{'e': 'trade', 'E': 1621479391301, 's': 'BTCUSDT', 't': 851426097, 'p': '37980.01000000', 'q': '0.30595000', 'b': 6024363690, 'a': 6024362389, 'T': 1621479391299, 'm': False, 'M': True}
{'e': 'trade', 'E': 1621479391301, 's': 'BTCUSDT', 't': 851426098, 'p': '37980.01000000', 'q': '0.00065200', 'b': 6024363691, 'a': 6024362389, 'T': 1621479391299, 'm': False, 'M': True}
{'e': 'trade', 'E': 1621479391321, 's': 'BTCUSDT', 't': 851426099, 'p': '37980.01000000', 'q': '4.09458800', 'b': 6024363703, 'a': 6024362389, 'T': 1621479391319, 'm': False, 'M': True}
{'e': 'trade', 'E': 1621479391322, 's': 'BTCUSDT', 't': 851426100, 'p': '37980.01000000', 'q': '1.79465600', 'b': 6024363705, 'a': 6024362389, 'T': 1621479391319, 'm': False, 'M': True}
{'e': 'trade', 'E': 1621479391322, 's': 'BTCUSDT', 't': 851426101, 'p': '37980.42000000', 'q': '0.00174000', 'b': 6024363705, 'a': 6024363663, 'T': 1621479391319, 'm': False, 'M': True}
{'e': 'trade', 'E': 1621479391328, 's': 'BTCUSDT', 't': 851426102, 'p': '37980.42000000', 'q': '0.01826000', 'b': 6024363718, 'a': 6024363663, 'T': 1621479391325, 'm': False, 'M': True}
{'e': 'trade', 'E': 1621479391328, 's': 'BTCUSDT', 't': 851426103, 'p': '37981.69000000', 'q': '0.02778000', 'b': 6024363718, 'a': 6024363513, 'T': 1621479391325, 'm': False, 'M': True}
{'e': 'trade', 'E': 1621479391328, 's': 'BTCUSDT', 't': 851426104, 'p': '37982.26000000', 'q': '0.00071500', 'b': 6024363718, 'a': 6024362827, 'T': 1621479391325, 'm': False, 'M': True}
{'e': 'trade', 'E': 1621479391328, 's': 'BTCUSDT', 't': 851426105, 'p': '37982.35000000', 'q': '0.00583300', 'b': 6024363718, 'a': 6024363702, 'T': 1621479391325, 'm': False, 'M': True}
{'e': 'trade', 'E': 1621479391328, 's': 'BTCUSDT', 't': 851426106, 'p': '37982.35000000', 'q': '0.09416700', 'b': 6024363719, 'a': 6024363702, 'T': 1621479391325, 'm': False, 'M': True}
{'e': 'trade', 'E': 1621479391328, 's': 'BTCUSDT', 't': 851426107, 'p': '37985.95000000', 'q': '0.00039500', 'b': 6024363719, 'a': 6024362430, 'T': 1621479391325, 'm': False, 'M': True}
{'e': 'trade', 'E': 1621479391328, 's': 'BTCUSDT', 't': 851426108, 'p': '37985.95000000', 'q': '0.00039500', 'b': 6024363719, 'a': 6024362568, 'T': 1621479391325, 'm': False, 'M': True}
{'e': 'trade', 'E': 1621479391328, 's': 'BTCUSDT', 't': 851426109, 'p': '37988.19000000', 'q': '0.01021800', 'b': 6024363719, 'a': 6024363717, 'T': 1621479391325, 'm': False, 'M': True}
{'e': 'trade', 'E': 1621479391329, 's': 'BTCUSDT', 't': 851426110, 'p': '37988.19000000', 'q': '0.03192400', 'b': 6024363723, 'a': 6024363717, 'T': 1621479391327, 'm': False, 'M': True}
{'e': 'trade', 'E': 1621479391329, 's': 'BTCUSDT', 't': 851426111, 'p': '37988.22000000', 'q': '0.01262600', 'b': 6024363723, 'a': 6024362778, 'T': 1621479391327, 'm': False, 'M': True}
{'e': 'trade', 'E': 1621479391334, 's': 'BTCUSDT', 't': 851426112, 'p': '37988.22000000', 'q': '0.08059800', 'b': 6024363744, 'a': 6024362778, 'T': 1621479391333, 'm': False, 'M': True}
{'e': 'trade', 'E': 1621479391350, 's': 'BTCUSDT', 't': 851426113, 'p': '37991.71000000', 'q': '0.02500000', 'b': 6024363774, 'a': 6024362766, 'T': 1621479391349, 'm': False, 'M': True}
{'e': 'trade', 'E': 1621479391355, 's': 'BTCUSDT', 't': 851426114, 'p': '37991.70000000', 'q': '0.07700000', 'b': 6024363787, 'a': 6024363776, 'T': 1621479391354, 'm': False, 'M': True}
{'e': 'trade', 'E': 1621479391366, 's': 'BTCUSDT', 't': 851426115, 'p': '37991.71000000', 'q': '0.05300000', 'b': 6024363813, 'a': 6024362766, 'T': 1621479391365, 'm': False, 'M': True}
{'e': 'trade', 'E': 1621479391372, 's': 'BTCUSDT', 't': 851426116, 'p': '37991.71000000', 'q': '0.15856800', 'b': 6024363814, 'a': 6024362766, 'T': 1621479391370, 'm': False, 'M': True}
{'e': 'trade', 'E': 1621479391389, 's': 'BTCUSDT', 't': 851426117, 'p': '37992.88000000', 'q': '0.00656900', 'b': 6024363827, 'a': 6024363836, 'T': 1621479391388, 'm': True, 'M': True}
{'e': 'trade', 'E': 1621479391407, 's': 'BTCUSDT', 't': 851426118, 'p': '37992.89000000', 'q': '0.00039500', 'b': 6024363848, 'a': 6024362370, 'T': 1621479391402, 'm': False, 'M': True}
{'e': 'trade', 'E': 1621479391419, 's': 'BTCUSDT', 't': 851426119, 'p': '37998.27000000', 'q': '0.15825600', 'b': 6024363855, 'a': 6024362988, 'T': 1621479391416, 'm': False, 'M': True}
{'e': 'trade', 'E': 1621479391458, 's': 'BTCUSDT', 't': 851426120, 'p': '37998.26000000', 'q': '0.01136200', 'b': 6024363858, 'a': 6024363880, 'T': 1621479391457, 'm': True, 'M': True}
{'e': 'trade', 'E': 1621479391488, 's': 'BTCUSDT', 't': 851426121, 'p': '37998.27000000', 'q': '0.16174000', 'b': 6024363897, 'a': 6024362988, 'T': 1621479391485, 'm': False, 'M': True}
{'e': 'trade', 'E': 1621479391520, 's': 'BTCUSDT', 't': 851426122, 'p': '37998.27000000', 'q': '0.00000400', 'b': 6024363915, 'a': 6024362988, 'T': 1621479391516, 'm': False, 'M': True}
{'e': 'trade', 'E': 1621479391520, 's': 'BTCUSDT', 't': 851426123, 'p': '38001.58000000', 'q': '0.09570500', 'b': 6024363915, 'a': 6024363586, 'T': 1621479391516, 'm': False, 'M': True}
{'e': 'trade', 'E': 1621479391558, 's': 'BTCUSDT', 't': 851426124, 'p': '38001.58000000', 'q': '0.00709300', 'b': 6024363931, 'a': 6024363586, 'T': 1621479391555, 'm': False, 'M': True}
{'e': 'trade', 'E': 1621479391620, 's': 'BTCUSDT', 't': 851426125, 'p': '38001.57000000', 'q': '0.00448300', 'b': 6024363926, 'a': 6024363945, 'T': 1621479391615, 'm': True, 'M': True}
{'e': 'trade', 'E': 1621479391662, 's': 'BTCUSDT', 't': 851426126, 'p': '38001.58000000', 'q': '0.01037600', 'b': 6024363958, 'a': 6024363586, 'T': 1621479391658, 'm': False, 'M': True}
{'e': 'trade', 'E': 1621479391706, 's': 'BTCUSDT', 't': 851426127, 'p': '38001.57000000', 'q': '0.00602900', 'b': 6024363926, 'a': 6024363961, 'T': 1621479391699, 'm': True, 'M': True}
{'e': 'trade', 'E': 1621479391719, 's': 'BTCUSDT', 't': 851426128, 'p': '38001.58000000', 'q': '0.00439500', 'b': 6024363964, 'a': 6024363586, 'T': 1621479391716, 'm': False, 'M': True}
{'e': 'trade', 'E': 1621479391783, 's': 'BTCUSDT', 't': 851426129, 'p': '38001.58000000', 'q': '0.12643000', 'b': 6024363978, 'a': 6024363586, 'T': 1621479391782, 'm': False, 'M': True}
{'e': 'trade', 'E': 1621479391785, 's': 'BTCUSDT', 't': 851426130, 'p': '38001.57000000', 'q': '0.00090000', 'b': 6024363926, 'a': 6024363981, 'T': 1621479391784, 'm': True, 'M': True}
{'e': 'trade', 'E': 1621479391883, 's': 'BTCUSDT', 't': 851426131, 'p': '38001.58000000', 'q': '0.00000100', 'b': 6024364001, 'a': 6024363586, 'T': 1621479391882, 'm': False, 'M': True}
{'e': 'trade', 'E': 1621479391883, 's': 'BTCUSDT', 't': 851426132, 'p': '38001.58000000', 'q': '0.00397900', 'b': 6024364001, 'a': 6024363998, 'T': 1621479391882, 'm': False, 'M': True}
{'e': 'trade', 'E': 1621479391887, 's': 'BTCUSDT', 't': 851426133, 'p': '38001.58000000', 'q': '0.00000900', 'b': 6024364003, 'a': 6024363998, 'T': 1621479391886, 'm': False, 'M': True}
{'e': 'trade', 'E': 1621479391887, 's': 'BTCUSDT', 't': 851426134, 'p': '38002.74000000', 'q': '0.02001200', 'b': 6024364003, 'a': 6024363940, 'T': 1621479391886, 'm': False, 'M': True}
{'e': 'trade', 'E': 1621479391887, 's': 'BTCUSDT', 't': 851426135, 'p': '38006.29000000', 'q': '0.01244100', 'b': 6024364003, 'a': 6024363987, 'T': 1621479391886, 'm': False, 'M': True}
{'e': 'trade', 'E': 1621479391963, 's': 'BTCUSDT', 't': 851426136, 'p': '38002.83000000', 'q': '0.02382200', 'b': 6024364028, 'a': 6024364032, 'T': 1621479391962, 'm': True, 'M': True}
{'e': 'trade', 'E': 1621479392116, 's': 'BTCUSDT', 't': 851426137, 'p': '38002.83000000', 'q': '0.00142800', 'b': 6024364044, 'a': 6024364068, 'T': 1621479392115, 'm': True, 'M': True}
{'e': 'trade', 'E': 1621479392157, 's': 'BTCUSDT', 't': 851426138, 'p': '38002.83000000', 'q': '0.05283500', 'b': 6024364044, 'a': 6024364092, 'T': 1621479392156, 'm': True, 'M': True}
{'e': 'trade', 'E': 1621479392157, 's': 'BTCUSDT', 't': 851426139, 'p': '38002.83000000', 'q': '0.06500000', 'b': 6024364089, 'a': 6024364092, 'T': 1621479392156, 'm': True, 'M': True}
{'e': 'trade', 'E': 1621479392157, 's': 'BTCUSDT', 't': 851426140, 'p': '38002.60000000', 'q': '0.00052600', 'b': 6024364021, 'a': 6024364092, 'T': 1621479392156, 'm': True, 'M': True}
{'e': 'trade', 'E': 1621479392157, 's': 'BTCUSDT', 't': 851426141, 'p': '38000.51000000', 'q': '0.03099400', 'b': 6024364073, 'a': 6024364092, 'T': 1621479392156, 'm': True, 'M': True}
{'e': 'trade', 'E': 1621479392157, 's': 'BTCUSDT', 't': 851426142, 'p': '38000.50000000', 'q': '0.04563500', 'b': 6024364070, 'a': 6024364092, 'T': 1621479392156, 'm': True, 'M': True}
{'e': 'trade', 'E': 1621479392171, 's': 'BTCUSDT', 't': 851426143, 'p': '38000.51000000', 'q': '0.00052600', 'b': 6024364098, 'a': 6024364102, 'T': 1621479392170, 'm': True, 'M': True}
{'e': 'trade', 'E': 1621479392171, 's': 'BTCUSDT', 't': 851426144, 'p': '38000.50000000', 'q': '0.04291800', 'b': 6024364070, 'a': 6024364102, 'T': 1621479392170, 'm': True, 'M': True}
{'e': 'trade', 'E': 1621479392175, 's': 'BTCUSDT', 't': 851426145, 'p': '37998.03000000', 'q': '0.02000000', 'b': 6024364067, 'a': 6024364106, 'T': 1621479392174, 'm': True, 'M': True}
{'e': 'trade', 'E': 1621479392220, 's': 'BTCUSDT', 't': 851426146, 'p': '37998.07000000', 'q': '0.02000000', 'b': 6024364111, 'a': 6024364132, 'T': 1621479392218, 'm': True, 'M': True}
{'e': 'trade', 'E': 1621479392220, 's': 'BTCUSDT', 't': 851426147, 'p': '37998.04000000', 'q': '0.00052600', 'b': 6024364122, 'a': 6024364132, 'T': 1621479392218, 'm': True, 'M': True}
{'e': 'trade', 'E': 1621479392280, 's': 'BTCUSDT', 't': 851426148, 'p': '37995.01000000', 'q': '0.00304700', 'b': 6024364176, 'a': 6024364156, 'T': 1621479392279, 'm': False, 'M': True}
{'e': 'trade', 'E': 1621479392383, 's': 'BTCUSDT', 't': 851426149, 'p': '37995.00000000', 'q': '0.00221600', 'b': 6024364103, 'a': 6024364222, 'T': 1621479392383, 'm': True, 'M': True}
{'e': 'trade', 'E': 1621479392501, 's': 'BTCUSDT', 't': 851426150, 'p': '37995.01000000', 'q': '0.07410100', 'b': 6024364250, 'a': 6024364156, 'T': 1621479392500, 'm': False, 'M': True}
{'e': 'trade', 'E': 1621479392523, 's': 'BTCUSDT', 't': 851426151, 'p': '37995.01000000', 'q': '0.17285200', 'b': 6024364260, 'a': 6024364156, 'T': 1621479392522, 'm': False, 'M': True}
{'e': 'trade', 'E': 1621479392523, 's': 'BTCUSDT', 't': 851426152, 'p': '37995.01000000', 'q': '0.03275600', 'b': 6024364260, 'a': 6024364171, 'T': 1621479392522, 'm': False, 'M': True}
{'e': 'trade', 'E': 1621479392581, 's': 'BTCUSDT', 't': 851426153, 'p': '37995.01000000', 'q': '0.00129400', 'b': 6024364271, 'a': 6024364171, 'T': 1621479392580, 'm': False, 'M': True}
{'e': 'trade', 'E': 1621479392581, 's': 'BTCUSDT', 't': 851426154, 'p': '37995.01000000', 'q': '0.03463000', 'b': 6024364271, 'a': 6024364266, 'T': 1621479392580, 'm': False, 'M': True}
{'e': 'trade', 'E': 1621479392581, 's': 'BTCUSDT', 't': 851426155, 'p': '37995.01000000', 'q': '0.01589400', 'b': 6024364271, 'a': 6024364267, 'T': 1621479392580, 'm': False, 'M': True}
{'e': 'trade', 'E': 1621479392711, 's': 'BTCUSDT', 't': 851426156, 'p': '37995.00000000', 'q': '0.00778400', 'b': 6024364103, 'a': 6024364292, 'T': 1621479392710, 'm': True, 'M': True}
{'e': 'trade', 'E': 1621479392711, 's': 'BTCUSDT', 't': 851426157, 'p': '37995.00000000', 'q': '0.01201600', 'b': 6024364178, 'a': 6024364292, 'T': 1621479392710, 'm': True, 'M': True}
{'e': 'trade', 'E': 1621479392786, 's': 'BTCUSDT', 't': 851426158, 'p': '37992.01000000', 'q': '0.00247500', 'b': 6024364310, 'a': 6024364297, 'T': 1621479392785, 'm': False, 'M': True}
{'e': 'trade', 'E': 1621479392814, 's': 'BTCUSDT', 't': 851426159, 'p': '37992.00000000', 'q': '0.01000000', 'b': 6024364097, 'a': 6024364317, 'T': 1621479392813, 'm': True, 'M': True}
{'e': 'trade', 'E': 1621479392814, 's': 'BTCUSDT', 't': 851426160, 'p': '37986.73000000', 'q': '0.01928700', 'b': 6024364299, 'a': 6024364317, 'T': 1621479392813, 'm': True, 'M': True}
{'e': 'trade', 'E': 1621479392814, 's': 'BTCUSDT', 't': 851426161, 'p': '37986.72000000', 'q': '0.00071300', 'b': 6024364286, 'a': 6024364317, 'T': 1621479392813, 'm': True, 'M': True}
{'e': 'trade', 'E': 1621479392827, 's': 'BTCUSDT', 't': 851426162, 'p': '37992.01000000', 'q': '0.02806600', 'b': 6024364324, 'a': 6024364298, 'T': 1621479392826, 'm': False, 'M': True}
{'e': 'trade', 'E': 1621479392915, 's': 'BTCUSDT', 't': 851426163, 'p': '37988.65000000', 'q': '0.00593400', 'b': 6024364361, 'a': 6024364345, 'T': 1621479392914, 'm': False, 'M': True}
{'e': 'trade', 'E': 1621479392929, 's': 'BTCUSDT', 't': 851426164, 'p': '37988.65000000', 'q': '0.01309600', 'b': 6024364364, 'a': 6024364345, 'T': 1621479392928, 'm': False, 'M': True}
{'e': 'trade', 'E': 1621479392974, 's': 'BTCUSDT', 't': 851426165, 'p': '37990.10000000', 'q': '0.00052600', 'b': 6024364373, 'a': 6024364341, 'T': 1621479392973, 'm': False, 'M': True}
{'e': 'trade', 'E': 1621479392974, 's': 'BTCUSDT', 't': 851426166, 'p': '37991.99000000', 'q': '0.00092000', 'b': 6024364373, 'a': 6024364360, 'T': 1621479392973, 'm': False, 'M': True}
{'e': 'trade', 'E': 1621479393038, 's': 'BTCUSDT', 't': 851426167, 'p': '37990.08000000', 'q': '0.00765200', 'b': 6024364388, 'a': 6024364378, 'T': 1621479393033, 'm': False, 'M': True}
{'e': 'trade', 'E': 1621479393226, 's': 'BTCUSDT', 't': 851426168, 'p': '37990.08000000', 'q': '0.01327100', 'b': 6024364410, 'a': 6024364378, 'T': 1621479393225, 'm': False, 'M': True}
{'e': 'trade', 'E': 1621479393247, 's': 'BTCUSDT', 't': 851426169, 'p': '37990.08000000', 'q': '0.00106800', 'b': 6024364412, 'a': 6024364378, 'T': 1621479393246, 'm': False, 'M': True}
{'e': 'trade', 'E': 1621479393285, 's': 'BTCUSDT', 't': 851426170, 'p': '37990.08000000', 'q': '0.00034400', 'b': 6024364416, 'a': 6024364378, 'T': 1621479393284, 'm': False, 'M': True}
{'e': 'trade', 'E': 1621479393390, 's': 'BTCUSDT', 't': 851426171, 'p': '37990.08000000', 'q': '0.00003700', 'b': 6024364431, 'a': 6024364378, 'T': 1621479393390, 'm': False, 'M': True}
{'e': 'trade', 'E': 1621479393390, 's': 'BTCUSDT', 't': 851426172, 'p': '37990.08000000', 'q': '0.00130300', 'b': 6024364431, 'a': 6024364391, 'T': 1621479393390, 'm': False, 'M': True}
{'e': 'trade', 'E': 1621479393429, 's': 'BTCUSDT', 't': 851426173, 'p': '37990.08000000', 'q': '0.06651000', 'b': 6024364440, 'a': 6024364391, 'T': 1621479393429, 'm': False, 'M': True}
{'e': 'trade', 'E': 1621479393465, 's': 'BTCUSDT', 't': 851426174, 'p': '37990.08000000', 'q': '0.00133700', 'b': 6024364446, 'a': 6024364391, 'T': 1621479393465, 'm': False, 'M': True}
{'e': 'trade', 'E': 1621479393534, 's': 'BTCUSDT', 't': 851426175, 'p': '37991.10000000', 'q': '0.00420500', 'b': 6024364461, 'a': 6024364463, 'T': 1621479393533, 'm': True, 'M': True}
{'e': 'trade', 'E': 1621479393632, 's': 'BTCUSDT', 't': 851426176, 'p': '37991.13000000', 'q': '0.00346000', 'b': 6024364484, 'a': 6024364478, 'T': 1621479393631, 'm': False, 'M': True}
{'e': 'trade', 'E': 1621479393689, 's': 'BTCUSDT', 't': 851426177, 'p': '37994.81000000', 'q': '0.00105000', 'b': 6024364504, 'a': 6024364454, 'T': 1621479393688, 'm': False, 'M': True}
{'e': 'trade', 'E': 1621479393698, 's': 'BTCUSDT', 't': 851426178, 'p': '37994.81000000', 'q': '0.00000200', 'b': 6024364507, 'a': 6024364454, 'T': 1621479393697, 'm': False, 'M': True}
{'e': 'trade', 'E': 1621479393702, 's': 'BTCUSDT', 't': 851426179, 'p': '37995.01000000', 'q': '0.00041000', 'b': 6024364514, 'a': 6024364444, 'T': 1621479393702, 'm': False, 'M': True}
{'e': 'trade', 'E': 1621479393710, 's': 'BTCUSDT', 't': 851426180, 'p': '37995.01000000', 'q': '0.00000500', 'b': 6024364520, 'a': 6024364444, 'T': 1621479393709, 'm': False, 'M': True}
{'e': 'trade', 'E': 1621479393726, 's': 'BTCUSDT', 't': 851426181, 'p': '38000.34000000', 'q': '0.00396000', 'b': 6024364531, 'a': 6024364540, 'T': 1621479393725, 'm': True, 'M': True}
{'e': 'trade', 'E': 1621479393778, 's': 'BTCUSDT', 't': 851426182, 'p': '38004.00000000', 'q': '0.01000000', 'b': 6024364569, 'a': 6024364346, 'T': 1621479393777, 'm': False, 'M': True}
{'e': 'trade', 'E': 1621479393778, 's': 'BTCUSDT', 't': 851426183, 'p': '38005.72000000', 'q': '0.01295300', 'b': 6024364569, 'a': 6024364426, 'T': 1621479393777, 'm': False, 'M': True}
{'e': 'trade', 'E': 1621479393879, 's': 'BTCUSDT', 't': 851426184, 'p': '38002.64000000', 'q': '0.00052200', 'b': 6024364585, 'a': 6024364601, 'T': 1621479393879, 'm': True, 'M': True}
{'e': 'trade', 'E': 1621479393927, 's': 'BTCUSDT', 't': 851426185, 'p': '38005.71000000', 'q': '0.00052200', 'b': 6024364617, 'a': 6024364608, 'T': 1621479393926, 'm': False, 'M': True}
{'e': 'trade', 'E': 1621479393927, 's': 'BTCUSDT', 't': 851426186, 'p': '38005.72000000', 'q': '0.00295600', 'b': 6024364617, 'a': 6024364426, 'T': 1621479393926, 'm': False, 'M': True}
{'e': 'trade', 'E': 1621479393927, 's': 'BTCUSDT', 't': 851426187, 'p': '38006.28000000', 'q': '0.00347300', 'b': 6024364617, 'a': 6024364033, 'T': 1621479393926, 'm': False, 'M': True}
{'e': 'trade', 'E': 1621479393928, 's': 'BTCUSDT', 't': 851426188, 'p': '38003.16000000', 'q': '0.00052600', 'b': 6024364614, 'a': 6024364618, 'T': 1621479393927, 'm': True, 'M': True}
{'e': 'trade', 'E': 1621479393928, 's': 'BTCUSDT', 't': 851426189, 'p': '38003.15000000', 'q': '0.00070700', 'b': 6024364606, 'a': 6024364618, 'T': 1621479393927, 'm': True, 'M': True}
{'e': 'trade', 'E': 1621479393946, 's': 'BTCUSDT', 't': 851426190, 'p': '38003.80000000', 'q': '0.01365000', 'b': 6024364626, 'a': 6024364620, 'T': 1621479393945, 'm': False, 'M': True}
{'e': 'trade', 'E': 1621479393994, 's': 'BTCUSDT', 't': 851426191, 'p': '38006.16000000', 'q': '0.00106000', 'b': 6024364637, 'a': 6024364631, 'T': 1621479393993, 'm': False, 'M': True}
{'e': 'trade', 'E': 1621479394012, 's': 'BTCUSDT', 't': 851426192, 'p': '38006.15000000', 'q': '0.00035200', 'b': 6024364641, 'a': 6024364640, 'T': 1621479394011, 'm': False, 'M': True}
{'e': 'trade', 'E': 1621479394089, 's': 'BTCUSDT', 't': 851426193, 'p': '38003.86000000', 'q': '0.00052400', 'b': 6024364649, 'a': 6024364655, 'T': 1621479394089, 'm': True, 'M': True}
{'e': 'trade', 'E': 1621479394169, 's': 'BTCUSDT', 't': 851426194, 'p': '38005.73000000', 'q': '0.00262200', 'b': 6024364685, 'a': 6024364651, 'T': 1621479394169, 'm': False, 'M': True}
{'e': 'trade', 'E': 1621479394246, 's': 'BTCUSDT', 't': 851426195, 'p': '38005.72000000', 'q': '0.02738900', 'b': 6024364689, 'a': 6024364696, 'T': 1621479394245, 'm': True, 'M': True}
{'e': 'trade', 'E': 1621479394262, 's': 'BTCUSDT', 't': 851426196, 'p': '38005.73000000', 'q': '0.00233900', 'b': 6024364700, 'a': 6024364651, 'T': 1621479394261, 'm': False, 'M': True}
{'e': 'trade', 'E': 1621479394266, 's': 'BTCUSDT', 't': 851426197, 'p': '38005.72000000', 'q': '0.07268100', 'b': 6024364689, 'a': 6024364701, 'T': 1621479394265, 'm': True, 'M': True}
{'e': 'trade', 'E': 1621479394266, 's': 'BTCUSDT', 't': 851426198, 'p': '38005.72000000', 'q': '0.06741500', 'b': 6024364694, 'a': 6024364701, 'T': 1621479394265, 'm': True, 'M': True}
{'e': 'trade', 'E': 1621479394266, 's': 'BTCUSDT', 't': 851426199, 'p': '38004.03000000', 'q': '0.05993200', 'b': 6024364692, 'a': 6024364701, 'T': 1621479394265, 'm': True, 'M': True}
{'e': 'trade', 'E': 1621479394272, 's': 'BTCUSDT', 't': 851426200, 'p': '38005.73000000', 'q': '0.04453900', 'b': 6024364702, 'a': 6024364651, 'T': 1621479394271, 'm': False, 'M': True}
{'e': 'trade', 'E': 1621479394272, 's': 'BTCUSDT', 't': 851426201, 'p': '38005.74000000', 'q': '0.28333200', 'b': 6024364702, 'a': 6024364648, 'T': 1621479394271, 'm': False, 'M': True}
{'e': 'trade', 'E': 1621479394337, 's': 'BTCUSDT', 't': 851426202, 'p': '38006.15000000', 'q': '0.00017400', 'b': 6024364739, 'a': 6024364640, 'T': 1621479394335, 'm': False, 'M': True}
{'e': 'trade', 'E': 1621479394337, 's': 'BTCUSDT', 't': 851426203, 'p': '38006.28000000', 'q': '0.00331700', 'b': 6024364739, 'a': 6024364033, 'T': 1621479394335, 'm': False, 'M': True}
{'e': 'trade', 'E': 1621479394362, 's': 'BTCUSDT', 't': 851426204, 'p': '38006.28000000', 'q': '0.00326200', 'b': 6024364744, 'a': 6024364033, 'T': 1621479394361, 'm': False, 'M': True}
{'e': 'trade', 'E': 1621479394376, 's': 'BTCUSDT', 't': 851426205, 'p': '38006.14000000', 'q': '0.00052800', 'b': 6024364727, 'a': 6024364748, 'T': 1621479394375, 'm': True, 'M': True}
{'e': 'trade', 'E': 1621479394440, 's': 'BTCUSDT', 't': 851426206, 'p': '38006.28000000', 'q': '0.01398000', 'b': 6024364763, 'a': 6024364033, 'T': 1621479394440, 'm': False, 'M': True}
{'e': 'trade', 'E': 1621479394444, 's': 'BTCUSDT', 't': 851426207, 'p': '38006.28000000', 'q': '0.00326800', 'b': 6024364767, 'a': 6024364033, 'T': 1621479394443, 'm': False, 'M': True}
{'e': 'trade', 'E': 1621479394444, 's': 'BTCUSDT', 't': 851426208, 'p': '38013.74000000', 'q': '0.00490500', 'b': 6024364767, 'a': 6024364759, 'T': 1621479394443, 'm': False, 'M': True}
{'e': 'trade', 'E': 1621479394524, 's': 'BTCUSDT', 't': 851426209, 'p': '38007.70000000', 'q': '0.00047500', 'b': 6024364803, 'a': 6024364806, 'T': 1621479394523, 'm': True, 'M': True}
{'e': 'trade', 'E': 1621479394582, 's': 'BTCUSDT', 't': 851426210, 'p': '38007.72000000', 'q': '0.00050600', 'b': 6024364821, 'a': 6024364822, 'T': 1621479394581, 'm': True, 'M': True}
{'e': 'trade', 'E': 1621479394588, 's': 'BTCUSDT', 't': 851426211, 'p': '38011.82000000', 'q': '0.00046100', 'b': 6024364825, 'a': 6024364820, 'T': 1621479394588, 'm': False, 'M': True}
{'e': 'trade', 'E': 1621479394608, 's': 'BTCUSDT', 't': 851426212, 'p': '38007.73000000', 'q': '0.00052600', 'b': 6024364830, 'a': 6024364831, 'T': 1621479394608, 'm': True, 'M': True}
{'e': 'trade', 'E': 1621479394688, 's': 'BTCUSDT', 't': 851426213, 'p': '38007.26000000', 'q': '0.00226400', 'b': 6024364843, 'a': 6024364854, 'T': 1621479394687, 'm': True, 'M': True}
{'e': 'trade', 'E': 1621479394725, 's': 'BTCUSDT', 't': 851426214, 'p': '38007.27000000', 'q': '0.00052600', 'b': 6024364856, 'a': 6024364869, 'T': 1621479394724, 'm': True, 'M': True}
{'e': 'trade', 'E': 1621479394829, 's': 'BTCUSDT', 't': 851426215, 'p': '38008.95000000', 'q': '0.00052600', 'b': 6024364878, 'a': 6024364898, 'T': 1621479394828, 'm': True, 'M': True}
{'e': 'trade', 'E': 1621479394829, 's': 'BTCUSDT', 't': 851426216, 'p': '38008.95000000', 'q': '0.00018800', 'b': 6024364879, 'a': 6024364898, 'T': 1621479394828, 'm': True, 'M': True}
{'e': 'trade', 'E': 1621479394958, 's': 'BTCUSDT', 't': 851426217, 'p': '38008.95000000', 'q': '0.00507400', 'b': 6024364879, 'a': 6024364922, 'T': 1621479394957, 'm': True, 'M': True}
{'e': 'trade', 'E': 1621479394958, 's': 'BTCUSDT', 't': 851426218, 'p': '38008.95000000', 'q': '0.00526200', 'b': 6024364881, 'a': 6024364922, 'T': 1621479394957, 'm': True, 'M': True}
{'e': 'trade', 'E': 1621479394958, 's': 'BTCUSDT', 't': 851426219, 'p': '38008.95000000', 'q': '0.00078900', 'b': 6024364882, 'a': 6024364922, 'T': 1621479394957, 'm': True, 'M': True}
{'e': 'trade', 'E': 1621479394958, 's': 'BTCUSDT', 't': 851426220, 'p': '38003.92000000', 'q': '0.03814300', 'b': 6024364848, 'a': 6024364922, 'T': 1621479394957, 'm': True, 'M': True}
{'e': 'trade', 'E': 1621479394959, 's': 'BTCUSDT', 't': 851426221, 'p': '38003.92000000', 'q': '0.12654000', 'b': 6024364848, 'a': 6024364923, 'T': 1621479394958, 'm': True, 'M': True}
{'e': 'trade', 'E': 1621479394959, 's': 'BTCUSDT', 't': 851426222, 'p': '38003.87000000', 'q': '0.02994000', 'b': 6024364720, 'a': 6024364923, 'T': 1621479394958, 'm': True, 'M': True}
{'e': 'trade', 'E': 1621479394985, 's': 'BTCUSDT', 't': 851426223, 'p': '38002.81000000', 'q': '0.00799300', 'b': 6024364815, 'a': 6024364940, 'T': 1621479394984, 'm': True, 'M': True}
{'e': 'trade', 'E': 1621479394999, 's': 'BTCUSDT', 't': 851426224, 'p': '38002.81000000', 'q': '0.01200700', 'b': 6024364815, 'a': 6024364953, 'T': 1621479394998, 'm': True, 'M': True}
{'e': 'trade', 'E': 1621479394999, 's': 'BTCUSDT', 't': 851426225, 'p': '38002.79000000', 'q': '0.01085800', 'b': 6024364880, 'a': 6024364953, 'T': 1621479394998, 'm': True, 'M': True}
{'e': 'trade', 'E': 1621479394999, 's': 'BTCUSDT', 't': 851426226, 'p': '38002.75000000', 'q': '0.17713500', 'b': 6024364909, 'a': 6024364953, 'T': 1621479394998, 'm': True, 'M': True}
{'e': 'trade', 'E': 1621479395040, 's': 'BTCUSDT', 't': 851426227, 'p': '38002.76000000', 'q': '0.00263400', 'b': 6024364980, 'a': 6024364963, 'T': 1621479395031, 'm': False, 'M': True}
{'e': 'trade', 'E': 1621479395138, 's': 'BTCUSDT', 't': 851426228, 'p': '38002.76000000', 'q': '0.00799200', 'b': 6024365023, 'a': 6024364963, 'T': 1621479395137, 'm': False, 'M': True}
{'e': 'trade', 'E': 1621479395185, 's': 'BTCUSDT', 't': 851426229, 'p': '38002.75000000', 'q': '0.00095700', 'b': 6024364909, 'a': 6024365046, 'T': 1621479395184, 'm': True, 'M': True}
{'e': 'trade', 'E': 1621479395334, 's': 'BTCUSDT', 't': 851426230, 'p': '38002.76000000', 'q': '0.00500000', 'b': 6024365083, 'a': 6024365013, 'T': 1621479395333, 'm': False, 'M': True}
{'e': 'trade', 'E': 1621479395345, 's': 'BTCUSDT', 't': 851426231, 'p': '38002.76000000', 'q': '0.01298400', 'b': 6024365089, 'a': 6024365013, 'T': 1621479395345, 'm': False, 'M': True}
{'e': 'trade', 'E': 1621479395467, 's': 'BTCUSDT', 't': 851426232, 'p': '38002.76000000', 'q': '0.00131400', 'b': 6024365109, 'a': 6024365013, 'T': 1621479395466, 'm': False, 'M': True}
{'e': 'trade', 'E': 1621479395566, 's': 'BTCUSDT', 't': 851426233, 'p': '38002.76000000', 'q': '0.00263000', 'b': 6024365135, 'a': 6024365013, 'T': 1621479395566, 'm': False, 'M': True}
{'e': 'trade', 'E': 1621479395574, 's': 'BTCUSDT', 't': 851426234, 'p': '38002.76000000', 'q': '0.02940500', 'b': 6024365137, 'a': 6024365013, 'T': 1621479395572, 'm': False, 'M': True}
{'e': 'trade', 'E': 1621479395574, 's': 'BTCUSDT', 't': 851426235, 'p': '38002.76000000', 'q': '0.00044700', 'b': 6024365137, 'a': 6024365047, 'T': 1621479395572, 'm': False, 'M': True}
{'e': 'trade', 'E': 1621479395574, 's': 'BTCUSDT', 't': 851426236, 'p': '38002.76000000', 'q': '0.05578900', 'b': 6024365137, 'a': 6024365088, 'T': 1621479395572, 'm': False, 'M': True}
{'e': 'trade', 'E': 1621479395574, 's': 'BTCUSDT', 't': 851426237, 'p': '38005.74000000', 'q': '0.03636300', 'b': 6024365137, 'a': 6024365136, 'T': 1621479395572, 'm': False, 'M': True}
{'e': 'trade', 'E': 1621479395574, 's': 'BTCUSDT', 't': 851426238, 'p': '38005.75000000', 'q': '0.08320200', 'b': 6024365137, 'a': 6024365133, 'T': 1621479395572, 'm': False, 'M': True}
{'e': 'trade', 'E': 1621479395574, 's': 'BTCUSDT', 't': 851426239, 'p': '38006.00000000', 'q': '0.02000000', 'b': 6024365137, 'a': 6024365132, 'T': 1621479395572, 'm': False, 'M': True}
{'e': 'trade', 'E': 1621479395574, 's': 'BTCUSDT', 't': 851426240, 'p': '38006.01000000', 'q': '0.00069400', 'b': 6024365137, 'a': 6024365008, 'T': 1621479395572, 'm': False, 'M': True}
{'e': 'trade', 'E': 1621479395574, 's': 'BTCUSDT', 't': 851426241, 'p': '38008.79000000', 'q': '0.00058900', 'b': 6024365137, 'a': 6024364951, 'T': 1621479395572, 'm': False, 'M': True}
{'e': 'trade', 'E': 1621479395574, 's': 'BTCUSDT', 't': 851426242, 'p': '38008.95000000', 'q': '0.00526200', 'b': 6024365137, 'a': 6024365002, 'T': 1621479395572, 'm': False, 'M': True}
{'e': 'trade', 'E': 1621479395574, 's': 'BTCUSDT', 't': 851426243, 'p': '38010.95000000', 'q': '0.04053900', 'b': 6024365137, 'a': 6024365121, 'T': 1621479395572, 'm': False, 'M': True}
{'e': 'trade', 'E': 1621479395574, 's': 'BTCUSDT', 't': 851426244, 'p': '38010.96000000', 'q': '0.14911800', 'b': 6024365137, 'a': 6024365107, 'T': 1621479395572, 'm': False, 'M': True}
{'e': 'trade', 'E': 1621479395574, 's': 'BTCUSDT', 't': 851426245, 'p': '38011.60000000', 'q': '0.10000000', 'b': 6024365137, 'a': 6024365106, 'T': 1621479395572, 'm': False, 'M': True}
{'e': 'trade', 'E': 1621479395574, 's': 'BTCUSDT', 't': 851426246, 'p': '38011.63000000', 'q': '0.10000000', 'b': 6024365137, 'a': 6024364901, 'T': 1621479395572, 'm': False, 'M': True}
{'e': 'trade', 'E': 1621479395574, 's': 'BTCUSDT', 't': 851426247, 'p': '38011.63000000', 'q': '0.00052600', 'b': 6024365137, 'a': 6024364908, 'T': 1621479395572, 'm': False, 'M': True}
{'e': 'trade', 'E': 1621479395574, 's': 'BTCUSDT', 't': 851426248, 'p': '38011.63000000', 'q': '0.00526200', 'b': 6024365137, 'a': 6024364999, 'T': 1621479395572, 'm': False, 'M': True}
{'e': 'trade', 'E': 1621479395574, 's': 'BTCUSDT', 't': 851426249, 'p': '38011.63000000', 'q': '0.00078900', 'b': 6024365137, 'a': 6024365003, 'T': 1621479395572, 'm': False, 'M': True}
{'e': 'trade', 'E': 1621479395574, 's': 'BTCUSDT', 't': 851426250, 'p': '38015.28000000', 'q': '0.01892000', 'b': 6024365137, 'a': 6024365090, 'T': 1621479395572, 'm': False, 'M': True}
{'e': 'trade', 'E': 1621479395574, 's': 'BTCUSDT', 't': 851426251, 'p': '38015.66000000', 'q': '0.10000000', 'b': 6024365137, 'a': 6024364592, 'T': 1621479395572, 'm': False, 'M': True}
{'e': 'trade', 'E': 1621479395574, 's': 'BTCUSDT', 't': 851426252, 'p': '38017.15000000', 'q': '0.00590100', 'b': 6024365137, 'a': 6024365059, 'T': 1621479395572, 'm': False, 'M': True}
{'e': 'trade', 'E': 1621479395574, 's': 'BTCUSDT', 't': 851426253, 'p': '38017.16000000', 'q': '0.03571600', 'b': 6024365137, 'a': 6024360726, 'T': 1621479395572, 'm': False, 'M': True}
{'e': 'trade', 'E': 1621479395574, 's': 'BTCUSDT', 't': 851426254, 'p': '38018.95000000', 'q': '0.00073600', 'b': 6024365137, 'a': 6024365134, 'T': 1621479395572, 'm': False, 'M': True}
{'e': 'trade', 'E': 1621479395639, 's': 'BTCUSDT', 't': 851426255, 'p': '38004.82000000', 'q': '0.02204600', 'b': 6024365158, 'a': 6024365186, 'T': 1621479395639, 'm': True, 'M': True}
{'e': 'trade', 'E': 1621479395776, 's': 'BTCUSDT', 't': 851426256, 'p': '38007.88000000', 'q': '0.00049500', 'b': 6024365248, 'a': 6024365172, 'T': 1621479395775, 'm': False, 'M': True}
{'e': 'trade', 'E': 1621479395780, 's': 'BTCUSDT', 't': 851426257, 'p': '38007.88000000', 'q': '0.00003100', 'b': 6024365250, 'a': 6024365172, 'T': 1621479395779, 'm': False, 'M': True}
{'e': 'trade', 'E': 1621479395827, 's': 'BTCUSDT', 't': 851426258, 'p': '38009.96000000', 'q': '0.00143200', 'b': 6024365265, 'a': 6024365275, 'T': 1621479395826, 'm': True, 'M': True}
{'e': 'trade', 'E': 1621479396074, 's': 'BTCUSDT', 't': 851426259, 'p': '38011.63000000', 'q': '0.00072000', 'b': 6024365315, 'a': 6024365146, 'T': 1621479396073, 'm': False, 'M': True}
{'e': 'trade', 'E': 1621479396074, 's': 'BTCUSDT', 't': 851426260, 'p': '38018.15000000', 'q': '0.01000000', 'b': 6024365315, 'a': 6024365295, 'T': 1621479396073, 'm': False, 'M': True}
{'e': 'trade', 'E': 1621479396074, 's': 'BTCUSDT', 't': 851426261, 'p': '38018.16000000', 'q': '0.02037200', 'b': 6024365315, 'a': 6024365284, 'T': 1621479396073, 'm': False, 'M': True}
{'e': 'trade', 'E': 1621479396129, 's': 'BTCUSDT', 't': 851426262, 'p': '38013.55000000', 'q': '0.01681800', 'b': 6024365337, 'a': 6024365341, 'T': 1621479396128, 'm': True, 'M': True}
{'e': 'trade', 'E': 1621479396133, 's': 'BTCUSDT', 't': 851426263, 'p': '38016.19000000', 'q': '0.00026300', 'b': 6024365343, 'a': 6024365328, 'T': 1621479396132, 'm': False, 'M': True}
{'e': 'trade', 'E': 1621479396138, 's': 'BTCUSDT', 't': 851426264, 'p': '38016.18000000', 'q': '0.02275200', 'b': 6024365344, 'a': 6024365347, 'T': 1621479396138, 'm': True, 'M': True}
{'e': 'trade', 'E': 1621479396138, 's': 'BTCUSDT', 't': 851426265, 'p': '38013.55000000', 'q': '0.00593300', 'b': 6024365337, 'a': 6024365347, 'T': 1621479396138, 'm': True, 'M': True}
{'e': 'trade', 'E': 1621479396138, 's': 'BTCUSDT', 't': 851426266, 'p': '38013.54000000', 'q': '0.02087700', 'b': 6024365331, 'a': 6024365347, 'T': 1621479396138, 'm': True, 'M': True}
{'e': 'trade', 'E': 1621479396158, 's': 'BTCUSDT', 't': 851426267, 'p': '38015.46000000', 'q': '0.05109500', 'b': 6024365350, 'a': 6024365359, 'T': 1621479396158, 'm': True, 'M': True}
{'e': 'trade', 'E': 1621479396171, 's': 'BTCUSDT', 't': 851426268, 'p': '38013.55000000', 'q': '0.00052600', 'b': 6024365363, 'a': 6024365368, 'T': 1621479396171, 'm': True, 'M': True}
{'e': 'trade', 'E': 1621479396181, 's': 'BTCUSDT', 't': 851426269, 'p': '38011.93000000', 'q': '0.01139900', 'b': 6024365371, 'a': 6024365373, 'T': 1621479396180, 'm': True, 'M': True}
{'e': 'trade', 'E': 1621479396230, 's': 'BTCUSDT', 't': 851426270, 'p': '38008.15000000', 'q': '0.01425000', 'b': 6024365304, 'a': 6024365395, 'T': 1621479396229, 'm': True, 'M': True}
{'e': 'trade', 'E': 1621479396290, 's': 'BTCUSDT', 't': 851426271, 'p': '38010.07000000', 'q': '0.00052600', 'b': 6024365417, 'a': 6024365430, 'T': 1621479396289, 'm': True, 'M': True}
{'e': 'trade', 'E': 1621479396290, 's': 'BTCUSDT', 't': 851426272, 'p': '38010.06000000', 'q': '0.00609300', 'b': 6024365399, 'a': 6024365430, 'T': 1621479396289, 'm': True, 'M': True}
{'e': 'trade', 'E': 1621479396329, 's': 'BTCUSDT', 't': 851426273, 'p': '38010.96000000', 'q': '0.00526200', 'b': 6024365441, 'a': 6024365446, 'T': 1621479396328, 'm': True, 'M': True}
{'e': 'trade', 'E': 1621479396329, 's': 'BTCUSDT', 't': 851426274, 'p': '38010.06000000', 'q': '0.00433200', 'b': 6024365399, 'a': 6024365446, 'T': 1621479396328, 'm': True, 'M': True}
{'e': 'trade', 'E': 1621479396377, 's': 'BTCUSDT', 't': 851426275, 'p': '38010.06000000', 'q': '0.02207500', 'b': 6024365399, 'a': 6024365456, 'T': 1621479396377, 'm': True, 'M': True}
{'e': 'trade', 'E': 1621479396383, 's': 'BTCUSDT', 't': 851426276, 'p': '38010.97000000', 'q': '0.02981300', 'b': 6024365457, 'a': 6024365447, 'T': 1621479396382, 'm': False, 'M': True}
{'e': 'trade', 'E': 1621479396448, 's': 'BTCUSDT', 't': 851426277, 'p': '38008.13000000', 'q': '0.00871600', 'b': 6024365429, 'a': 6024365473, 'T': 1621479396447, 'm': True, 'M': True}
{'e': 'trade', 'E': 1621479396507, 's': 'BTCUSDT', 't': 851426278, 'p': '38008.13000000', 'q': '0.00125600', 'b': 6024365429, 'a': 6024365477, 'T': 1621479396507, 'm': True, 'M': True}
{'e': 'trade', 'E': 1621479396514, 's': 'BTCUSDT', 't': 851426279, 'p': '38008.13000000', 'q': '0.00002800', 'b': 6024365429, 'a': 6024365479, 'T': 1621479396514, 'm': True, 'M': True}
{'e': 'trade', 'E': 1621479396514, 's': 'BTCUSDT', 't': 851426280, 'p': '38004.82000000', 'q': '0.00435000', 'b': 6024365338, 'a': 6024365479, 'T': 1621479396514, 'm': True, 'M': True}
{'e': 'trade', 'E': 1621479396514, 's': 'BTCUSDT', 't': 851426281, 'p': '38002.91000000', 'q': '0.00062200', 'b': 6024365464, 'a': 6024365479, 'T': 1621479396514, 'm': True, 'M': True}
{'e': 'trade', 'E': 1621479396620, 's': 'BTCUSDT', 't': 851426282, 'p': '38003.47000000', 'q': '0.00057600', 'b': 6024365490, 'a': 6024365506, 'T': 1621479396620, 'm': True, 'M': True}
{'e': 'trade', 'E': 1621479396676, 's': 'BTCUSDT', 't': 851426283, 'p': '38003.47000000', 'q': '0.00942200', 'b': 6024365490, 'a': 6024365515, 'T': 1621479396675, 'm': True, 'M': True}
{'e': 'trade', 'E': 1621479396734, 's': 'BTCUSDT', 't': 851426284, 'p': '38003.92000000', 'q': '0.00525700', 'b': 6024365521, 'a': 6024365523, 'T': 1621479396733, 'm': True, 'M': True}
{'e': 'trade', 'E': 1621479396823, 's': 'BTCUSDT', 't': 851426285, 'p': '38010.80000000', 'q': '0.00121600', 'b': 6024365528, 'a': 6024365522, 'T': 1621479396822, 'm': False, 'M': True}
{'e': 'trade', 'E': 1621479396948, 's': 'BTCUSDT', 't': 851426286, 'p': '38010.77000000', 'q': '0.25000000', 'b': 6024365553, 'a': 6024365544, 'T': 1621479396947, 'm': False, 'M': True}
{'e': 'trade', 'E': 1621479396948, 's': 'BTCUSDT', 't': 851426287, 'p': '38010.95000000', 'q': '0.00526200', 'b': 6024365553, 'a': 6024365537, 'T': 1621479396947, 'm': False, 'M': True}
{'e': 'trade', 'E': 1621479396948, 's': 'BTCUSDT', 't': 851426288, 'p': '38010.96000000', 'q': '0.00052600', 'b': 6024365553, 'a': 6024365462, 'T': 1621479396947, 'm': False, 'M': True}
{'e': 'trade', 'E': 1621479396948, 's': 'BTCUSDT', 't': 851426289, 'p': '38011.23000000', 'q': '0.06453900', 'b': 6024365553, 'a': 6024365548, 'T': 1621479396947, 'm': False, 'M': True}
{'e': 'trade', 'E': 1621479396948, 's': 'BTCUSDT', 't': 851426290, 'p': '38011.58000000', 'q': '0.01000000', 'b': 6024365553, 'a': 6024365442, 'T': 1621479396947, 'm': False, 'M': True}
{'e': 'trade', 'E': 1621479396948, 's': 'BTCUSDT', 't': 851426291, 'p': '38011.64000000', 'q': '0.02831500', 'b': 6024365553, 'a': 6024365440, 'T': 1621479396947, 'm': False, 'M': True}
{'e': 'trade', 'E': 1621479396948, 's': 'BTCUSDT', 't': 851426292, 'p': '38018.09000000', 'q': '0.03589200', 'b': 6024365553, 'a': 6024365520, 'T': 1621479396947, 'm': False, 'M': True}
{'e': 'trade', 'E': 1621479396948, 's': 'BTCUSDT', 't': 851426293, 'p': '38018.83000000', 'q': '0.02419000', 'b': 6024365553, 'a': 6024365311, 'T': 1621479396947, 'm': False, 'M': True}
{'e': 'trade', 'E': 1621479396948, 's': 'BTCUSDT', 't': 851426294, 'p': '38019.62000000', 'q': '0.01000000', 'b': 6024365553, 'a': 6024365534, 'T': 1621479396947, 'm': False, 'M': True}
{'e': 'trade', 'E': 1621479396948, 's': 'BTCUSDT', 't': 851426295, 'p': '38020.62000000', 'q': '0.01315600', 'b': 6024365553, 'a': 6024365409, 'T': 1621479396947, 'm': False, 'M': True}
{'e': 'trade', 'E': 1621479396948, 's': 'BTCUSDT', 't': 851426296, 'p': '38020.82000000', 'q': '0.00857800', 'b': 6024365553, 'a': 6024362369, 'T': 1621479396947, 'm': False, 'M': True}
{'e': 'trade', 'E': 1621479396948, 's': 'BTCUSDT', 't': 851426297, 'p': '38020.89000000', 'q': '0.00700000', 'b': 6024365553, 'a': 6024365149, 'T': 1621479396947, 'm': False, 'M': True}
{'e': 'trade', 'E': 1621479396948, 's': 'BTCUSDT', 't': 851426298, 'p': '38021.97000000', 'q': '0.02300000', 'b': 6024365553, 'a': 6024361758, 'T': 1621479396947, 'm': False, 'M': True}
{'e': 'trade', 'E': 1621479396948, 's': 'BTCUSDT', 't': 851426299, 'p': '38022.00000000', 'q': '0.01000000', 'b': 6024365553, 'a': 6024365539, 'T': 1621479396947, 'm': False, 'M': True}
{'e': 'trade', 'E': 1621479396948, 's': 'BTCUSDT', 't': 851426300, 'p': '38022.31000000', 'q': '0.13353700', 'b': 6024365553, 'a': 6024365529, 'T': 1621479396947, 'm': False, 'M': True}
{'e': 'trade', 'E': 1621479396948, 's': 'BTCUSDT', 't': 851426301, 'p': '38022.70000000', 'q': '0.10661800', 'b': 6024365553, 'a': 6024365532, 'T': 1621479396947, 'm': False, 'M': True}
{'e': 'trade', 'E': 1621479396948, 's': 'BTCUSDT', 't': 851426302, 'p': '38022.71000000', 'q': '0.14462400', 'b': 6024365553, 'a': 6024365459, 'T': 1621479396947, 'm': False, 'M': True}
{'e': 'trade', 'E': 1621479396948, 's': 'BTCUSDT', 't': 851426303, 'p': '38022.85000000', 'q': '0.16000000', 'b': 6024365553, 'a': 6024365410, 'T': 1621479396947, 'm': False, 'M': True}
{'e': 'trade', 'E': 1621479396948, 's': 'BTCUSDT', 't': 851426304, 'p': '38023.88000000', 'q': '0.01088000', 'b': 6024365553, 'a': 6024360892, 'T': 1621479396947, 'm': False, 'M': True}
{'e': 'trade', 'E': 1621479396948, 's': 'BTCUSDT', 't': 851426305, 'p': '38024.11000000', 'q': '0.43648800', 'b': 6024365553, 'a': 6024365549, 'T': 1621479396947, 'm': False, 'M': True}
{'e': 'trade', 'E': 1621479396948, 's': 'BTCUSDT', 't': 851426306, 'p': '38024.12000000', 'q': '0.05262300', 'b': 6024365553, 'a': 6024365419, 'T': 1621479396947, 'm': False, 'M': True}
{'e': 'trade', 'E': 1621479396948, 's': 'BTCUSDT', 't': 851426307, 'p': '38025.79000000', 'q': '0.24283300', 'b': 6024365553, 'a': 6024365254, 'T': 1621479396947, 'm': False, 'M': True}
{'e': 'trade', 'E': 1621479396948, 's': 'BTCUSDT', 't': 851426308, 'p': '38026.29000000', 'q': '0.22193900', 'b': 6024365553, 'a': 6024364858, 'T': 1621479396947, 'm': False, 'M': True}
{'e': 'trade', 'E': 1621479397126, 's': 'BTCUSDT', 't': 851426309, 'p': '38010.97000000', 'q': '0.00033700', 'b': 6024365624, 'a': 6024365625, 'T': 1621479397126, 'm': True, 'M': True}
{'e': 'trade', 'E': 1621479397126, 's': 'BTCUSDT', 't': 851426310, 'p': '38008.38000000', 'q': '0.00966300', 'b': 6024365615, 'a': 6024365625, 'T': 1621479397126, 'm': True, 'M': True}
{'e': 'trade', 'E': 1621479397171, 's': 'BTCUSDT', 't': 851426311, 'p': '38010.97000000', 'q': '0.00114800', 'b': 6024365648, 'a': 6024365655, 'T': 1621479397170, 'm': True, 'M': True}
{'e': 'trade', 'E': 1621479397267, 's': 'BTCUSDT', 't': 851426312, 'p': '38012.41000000', 'q': '0.00376600', 'b': 6024365695, 'a': 6024365711, 'T': 1621479397266, 'm': True, 'M': True}
{'e': 'trade', 'E': 1621479397473, 's': 'BTCUSDT', 't': 851426313, 'p': '38012.42000000', 'q': '0.00102300', 'b': 6024365757, 'a': 6024365752, 'T': 1621479397472, 'm': False, 'M': True}
{'e': 'trade', 'E': 1621479397529, 's': 'BTCUSDT', 't': 851426314, 'p': '38012.41000000', 'q': '0.00014900', 'b': 6024365695, 'a': 6024365764, 'T': 1621479397528, 'm': True, 'M': True}
{'e': 'trade', 'E': 1621479397529, 's': 'BTCUSDT', 't': 851426315, 'p': '38012.41000000', 'q': '0.00967700', 'b': 6024365758, 'a': 6024365764, 'T': 1621479397528, 'm': True, 'M': True}
{'e': 'trade', 'E': 1621479397585, 's': 'BTCUSDT', 't': 851426316, 'p': '38012.41000000', 'q': '0.02438700', 'b': 6024365758, 'a': 6024365772, 'T': 1621479397584, 'm': True, 'M': True}
{'e': 'trade', 'E': 1621479397675, 's': 'BTCUSDT', 't': 851426317, 'p': '38011.64000000', 'q': '0.00032500', 'b': 6024365659, 'a': 6024365782, 'T': 1621479397674, 'm': True, 'M': True}
{'e': 'trade', 'E': 1621479397675, 's': 'BTCUSDT', 't': 851426318, 'p': '38006.15000000', 'q': '0.03910600', 'b': 6024365780, 'a': 6024365782, 'T': 1621479397674, 'm': True, 'M': True}
{'e': 'trade', 'E': 1621479397676, 's': 'BTCUSDT', 't': 851426319, 'p': '38006.14000000', 'q': '0.29160000', 'b': 6024365765, 'a': 6024365782, 'T': 1621479397674, 'm': True, 'M': True}
{'e': 'trade', 'E': 1621479397676, 's': 'BTCUSDT', 't': 851426320, 'p': '38006.14000000', 'q': '0.20000000', 'b': 6024365769, 'a': 6024365782, 'T': 1621479397674, 'm': True, 'M': True}
{'e': 'trade', 'E': 1621479397676, 's': 'BTCUSDT', 't': 851426321, 'p': '38006.13000000', 'q': '0.05734400', 'b': 6024365760, 'a': 6024365782, 'T': 1621479397674, 'm': True, 'M': True}
{'e': 'trade', 'E': 1621479397676, 's': 'BTCUSDT', 't': 851426322, 'p': '38005.86000000', 'q': '0.14400000', 'b': 6024365728, 'a': 6024365782, 'T': 1621479397674, 'm': True, 'M': True}
{'e': 'trade', 'E': 1621479397676, 's': 'BTCUSDT', 't': 851426323, 'p': '38005.49000000', 'q': '0.05718200', 'b': 6024365607, 'a': 6024365782, 'T': 1621479397674, 'm': True, 'M': True}
{'e': 'trade', 'E': 1621479397676, 's': 'BTCUSDT', 't': 851426324, 'p': '38003.86000000', 'q': '0.02956800', 'b': 6024365768, 'a': 6024365782, 'T': 1621479397674, 'm': True, 'M': True}
{'e': 'trade', 'E': 1621479397676, 's': 'BTCUSDT', 't': 851426325, 'p': '38002.90000000', 'q': '0.17367700', 'b': 6024365762, 'a': 6024365782, 'T': 1621479397674, 'm': True, 'M': True}
{'e': 'trade', 'E': 1621479397676, 's': 'BTCUSDT', 't': 851426326, 'p': '38002.88000000', 'q': '0.14400000', 'b': 6024365437, 'a': 6024365782, 'T': 1621479397674, 'm': True, 'M': True}
{'e': 'trade', 'E': 1621479397676, 's': 'BTCUSDT', 't': 851426327, 'p': '38002.76000000', 'q': '0.02000000', 'b': 6024365203, 'a': 6024365782, 'T': 1621479397674, 'm': True, 'M': True}
{'e': 'trade', 'E': 1621479397676, 's': 'BTCUSDT', 't': 851426328, 'p': '38002.75000000', 'q': '0.04062200', 'b': 6024364909, 'a': 6024365782, 'T': 1621479397674, 'm': True, 'M': True}
{'e': 'trade', 'E': 1621479397676, 's': 'BTCUSDT', 't': 851426329, 'p': '38001.94000000', 'q': '0.16190200', 'b': 6024365701, 'a': 6024365782, 'T': 1621479397674, 'm': True, 'M': True}
{'e': 'trade', 'E': 1621479397676, 's': 'BTCUSDT', 't': 851426330, 'p': '38001.93000000', 'q': '0.31061600', 'b': 6024365590, 'a': 6024365782, 'T': 1621479397674, 'm': True, 'M': True}
{'e': 'trade', 'E': 1621479397676, 's': 'BTCUSDT', 't': 851426331, 'p': '38001.57000000', 'q': '0.01842000', 'b': 6024365273, 'a': 6024365782, 'T': 1621479397674, 'm': True, 'M': True}
{'e': 'trade', 'E': 1621479397676, 's': 'BTCUSDT', 't': 851426332, 'p': '38000.29000000', 'q': '0.01000000', 'b': 6024365533, 'a': 6024365782, 'T': 1621479397674, 'm': True, 'M': True}
{'e': 'trade', 'E': 1621479397676, 's': 'BTCUSDT', 't': 851426333, 'p': '38000.29000000', 'q': '0.43867400', 'b': 6024365639, 'a': 6024365782, 'T': 1621479397674, 'm': True, 'M': True}
{'e': 'trade', 'E': 1621479397676, 's': 'BTCUSDT', 't': 851426334, 'p': '37999.76000000', 'q': '0.01530000', 'b': 6024365636, 'a': 6024365782, 'T': 1621479397674, 'm': True, 'M': True}
{'e': 'trade', 'E': 1621479397676, 's': 'BTCUSDT', 't': 851426335, 'p': '37999.25000000', 'q': '0.15154800', 'b': 6024365751, 'a': 6024365782, 'T': 1621479397674, 'm': True, 'M': True}
{'e': 'trade', 'E': 1621479397676, 's': 'BTCUSDT', 't': 851426336, 'p': '37998.03000000', 'q': '0.30533000', 'b': 6024365683, 'a': 6024365782, 'T': 1621479397674, 'm': True, 'M': True}
{'e': 'trade', 'E': 1621479397676, 's': 'BTCUSDT', 't': 851426337, 'p': '37998.01000000', 'q': '0.32380900', 'b': 6024365670, 'a': 6024365782, 'T': 1621479397674, 'm': True, 'M': True}
{'e': 'trade', 'E': 1621479397676, 's': 'BTCUSDT', 't': 851426338, 'p': '37997.76000000', 'q': '0.17893400', 'b': 6024365118, 'a': 6024365782, 'T': 1621479397674, 'm': True, 'M': True}
{'e': 'trade', 'E': 1621479397676, 's': 'BTCUSDT', 't': 851426339, 'p': '37996.74000000', 'q': '0.17893400', 'b': 6024365112, 'a': 6024365782, 'T': 1621479397674, 'm': True, 'M': True}
{'e': 'trade', 'E': 1621479397676, 's': 'BTCUSDT', 't': 851426340, 'p': '37996.50000000', 'q': '0.02627100', 'b': 6024365594, 'a': 6024365782, 'T': 1621479397674, 'm': True, 'M': True}
{'e': 'trade', 'E': 1621479397676, 's': 'BTCUSDT', 't': 851426341, 'p': '37995.83000000', 'q': '0.02494000', 'b': 6024365310, 'a': 6024365782, 'T': 1621479397674, 'm': True, 'M': True}
{'e': 'trade', 'E': 1621479397676, 's': 'BTCUSDT', 't': 851426342, 'p': '37995.59000000', 'q': '0.13353700', 'b': 6024365779, 'a': 6024365782, 'T': 1621479397674, 'm': True, 'M': True}
{'e': 'trade', 'E': 1621479397676, 's': 'BTCUSDT', 't': 851426343, 'p': '37995.17000000', 'q': '0.14400000', 'b': 6024365093, 'a': 6024365782, 'T': 1621479397674, 'm': True, 'M': True}
{'e': 'trade', 'E': 1621479397676, 's': 'BTCUSDT', 't': 851426344, 'p': '37991.95000000', 'q': '0.08000000', 'b': 6024365704, 'a': 6024365782, 'T': 1621479397674, 'm': True, 'M': True}
{'e': 'trade', 'E': 1621479397683, 's': 'BTCUSDT', 't': 851426345, 'p': '37991.69000000', 'q': '0.25000000', 'b': 6024365787, 'a': 6024365782, 'T': 1621479397682, 'm': False, 'M': True}
{'e': 'trade', 'E': 1621479397684, 's': 'BTCUSDT', 't': 851426346, 'p': '37991.69000000', 'q': '0.29026300', 'b': 6024365791, 'a': 6024365782, 'T': 1621479397683, 'm': False, 'M': True}
{'e': 'trade', 'E': 1621479397689, 's': 'BTCUSDT', 't': 851426347, 'p': '37991.69000000', 'q': '5.22980000', 'b': 6024365797, 'a': 6024365782, 'T': 1621479397688, 'm': False, 'M': True}
{'e': 'trade', 'E': 1621479397689, 's': 'BTCUSDT', 't': 851426348, 'p': '37991.69000000', 'q': '1.32712000', 'b': 6024365798, 'a': 6024365782, 'T': 1621479397688, 'm': False, 'M': True}
{'e': 'trade', 'E': 1621479397701, 's': 'BTCUSDT', 't': 851426349, 'p': '37991.69000000', 'q': '0.55000000', 'b': 6024365812, 'a': 6024365782, 'T': 1621479397700, 'm': False, 'M': True}
{'e': 'trade', 'E': 1621479397702, 's': 'BTCUSDT', 't': 851426350, 'p': '37991.69000000', 'q': '2.63215400', 'b': 6024365813, 'a': 6024365782, 'T': 1621479397701, 'm': False, 'M': True}
{'e': 'trade', 'E': 1621479397703, 's': 'BTCUSDT', 't': 851426351, 'p': '37991.69000000', 'q': '0.35000000', 'b': 6024365815, 'a': 6024365782, 'T': 1621479397702, 'm': False, 'M': True}
{'e': 'trade', 'E': 1621479397704, 's': 'BTCUSDT', 't': 851426352, 'p': '37991.69000000', 'q': '0.07942000', 'b': 6024365818, 'a': 6024365782, 'T': 1621479397703, 'm': False, 'M': True}
{'e': 'trade', 'E': 1621479397709, 's': 'BTCUSDT', 't': 851426353, 'p': '37991.69000000', 'q': '2.63215400', 'b': 6024365824, 'a': 6024365782, 'T': 1621479397708, 'm': False, 'M': True}
{'e': 'trade', 'E': 1621479397711, 's': 'BTCUSDT', 't': 851426354, 'p': '37991.69000000', 'q': '2.63215400', 'b': 6024365827, 'a': 6024365782, 'T': 1621479397710, 'm': False, 'M': True}
{'e': 'trade', 'E': 1621479397712, 's': 'BTCUSDT', 't': 851426355, 'p': '37991.69000000', 'q': '0.32729600', 'b': 6024365828, 'a': 6024365782, 'T': 1621479397711, 'm': False, 'M': True}
{'e': 'trade', 'E': 1621479397712, 's': 'BTCUSDT', 't': 851426356, 'p': '37994.95000000', 'q': '0.05281900', 'b': 6024365831, 'a': 6024365794, 'T': 1621479397711, 'm': False, 'M': True}
{'e': 'trade', 'E': 1621479397757, 's': 'BTCUSDT', 't': 851426357, 'p': '38002.05000000', 'q': '0.07700000', 'b': 6024365854, 'a': 6024365888, 'T': 1621479397757, 'm': True, 'M': True}
{'e': 'trade', 'E': 1621479397759, 's': 'BTCUSDT', 't': 851426358, 'p': '38002.05000000', 'q': '0.07800000', 'b': 6024365854, 'a': 6024365891, 'T': 1621479397758, 'm': True, 'M': True}
{'e': 'trade', 'E': 1621479397783, 's': 'BTCUSDT', 't': 851426359, 'p': '38000.16000000', 'q': '0.00187800', 'b': 6024365909, 'a': 6024365904, 'T': 1621479397782, 'm': False, 'M': True}
{'e': 'trade', 'E': 1621479397799, 's': 'BTCUSDT', 't': 851426360, 'p': '37998.13000000', 'q': '0.00038300', 'b': 6024365919, 'a': 6024365918, 'T': 1621479397798, 'm': False, 'M': True}
{'e': 'trade', 'E': 1621479397830, 's': 'BTCUSDT', 't': 851426361, 'p': '37998.12000000', 'q': '0.01150000', 'b': 6024365902, 'a': 6024365937, 'T': 1621479397827, 'm': True, 'M': True}
{'e': 'trade', 'E': 1621479397841, 's': 'BTCUSDT', 't': 851426362, 'p': '37998.13000000', 'q': '0.03417200', 'b': 6024365941, 'a': 6024365933, 'T': 1621479397837, 'm': False, 'M': True}
{'e': 'trade', 'E': 1621479397885, 's': 'BTCUSDT', 't': 851426363, 'p': '37998.13000000', 'q': '0.00154000', 'b': 6024365952, 'a': 6024365933, 'T': 1621479397885, 'm': False, 'M': True}
{'e': 'trade', 'E': 1621479397890, 's': 'BTCUSDT', 't': 851426364, 'p': '37998.13000000', 'q': '0.01070300', 'b': 6024365955, 'a': 6024365933, 'T': 1621479397890, 'm': False, 'M': True}
{'e': 'trade', 'E': 1621479397934, 's': 'BTCUSDT', 't': 851426365, 'p': '37998.12000000', 'q': '0.00258900', 'b': 6024365902, 'a': 6024365972, 'T': 1621479397932, 'm': True, 'M': True}
{'e': 'trade', 'E': 1621479397963, 's': 'BTCUSDT', 't': 851426366, 'p': '37998.12000000', 'q': '0.11591000', 'b': 6024365902, 'a': 6024365979, 'T': 1621479397962, 'm': True, 'M': True}
{'e': 'trade', 'E': 1621479398014, 's': 'BTCUSDT', 't': 851426367, 'p': '37998.12000000', 'q': '0.00000100', 'b': 6024365902, 'a': 6024365989, 'T': 1621479398013, 'm': True, 'M': True}
{'e': 'trade', 'E': 1621479398014, 's': 'BTCUSDT', 't': 851426368, 'p': '37994.55000000', 'q': '0.00993900', 'b': 6024365976, 'a': 6024365989, 'T': 1621479398013, 'm': True, 'M': True}
{'e': 'trade', 'E': 1621479398020, 's': 'BTCUSDT', 't': 851426369, 'p': '37994.55000000', 'q': '0.02698200', 'b': 6024365976, 'a': 6024365992, 'T': 1621479398018, 'm': True, 'M': True}
{'e': 'trade', 'E': 1621479398020, 's': 'BTCUSDT', 't': 851426370, 'p': '37991.75000000', 'q': '0.00042800', 'b': 6024365956, 'a': 6024365992, 'T': 1621479398018, 'm': True, 'M': True}
{'e': 'trade', 'E': 1621479398069, 's': 'BTCUSDT', 't': 851426371, 'p': '37992.65000000', 'q': '0.03881300', 'b': 6024366022, 'a': 6024366020, 'T': 1621479398067, 'm': False, 'M': True}
{'e': 'trade', 'E': 1621479398144, 's': 'BTCUSDT', 't': 851426372, 'p': '37991.76000000', 'q': '0.00039900', 'b': 6024366046, 'a': 6024366035, 'T': 1621479398143, 'm': False, 'M': True}
{'e': 'trade', 'E': 1621479398168, 's': 'BTCUSDT', 't': 851426373, 'p': '37991.76000000', 'q': '0.01607100', 'b': 6024366056, 'a': 6024366035, 'T': 1621479398167, 'm': False, 'M': True}
{'e': 'trade', 'E': 1621479398340, 's': 'BTCUSDT', 't': 851426374, 'p': '37991.75000000', 'q': '0.00045300', 'b': 6024366021, 'a': 6024366080, 'T': 1621479398340, 'm': True, 'M': True}
{'e': 'trade', 'E': 1621479398406, 's': 'BTCUSDT', 't': 851426375, 'p': '37991.76000000', 'q': '0.00602800', 'b': 6024366093, 'a': 6024366060, 'T': 1621479398405, 'm': False, 'M': True}
{'e': 'trade', 'E': 1621479398425, 's': 'BTCUSDT', 't': 851426376, 'p': '37991.76000000', 'q': '0.00042000', 'b': 6024366094, 'a': 6024366060, 'T': 1621479398423, 'm': False, 'M': True}
{'e': 'trade', 'E': 1621479398575, 's': 'BTCUSDT', 't': 851426377, 'p': '37991.75000000', 'q': '0.03204700', 'b': 6024366021, 'a': 6024366101, 'T': 1621479398574, 'm': True, 'M': True}
{'e': 'trade', 'E': 1621479398575, 's': 'BTCUSDT', 't': 851426378, 'p': '37991.75000000', 'q': '0.02000000', 'b': 6024366071, 'a': 6024366101, 'T': 1621479398574, 'm': True, 'M': True}
{'e': 'trade', 'E': 1621479398575, 's': 'BTCUSDT', 't': 851426379, 'p': '37991.75000000', 'q': '0.14848200', 'b': 6024366095, 'a': 6024366101, 'T': 1621479398574, 'm': True, 'M': True}
{'e': 'trade', 'E': 1621479398681, 's': 'BTCUSDT', 't': 851426380, 'p': '37991.10000000', 'q': '0.03417000', 'b': 6024366133, 'a': 6024366122, 'T': 1621479398680, 'm': False, 'M': True}
{'e': 'trade', 'E': 1621479398681, 's': 'BTCUSDT', 't': 851426381, 'p': '37991.10000000', 'q': '0.00978600', 'b': 6024366133, 'a': 6024366124, 'T': 1621479398680, 'm': False, 'M': True}
{'e': 'trade', 'E': 1621479398714, 's': 'BTCUSDT', 't': 851426382, 'p': '37991.09000000', 'q': '0.00033400', 'b': 6024364570, 'a': 6024366146, 'T': 1621479398713, 'm': True, 'M': True}
{'e': 'trade', 'E': 1621479398714, 's': 'BTCUSDT', 't': 851426383, 'p': '37987.70000000', 'q': '0.00017400', 'b': 6024364396, 'a': 6024366146, 'T': 1621479398713, 'm': True, 'M': True}
{'e': 'trade', 'E': 1621479398867, 's': 'BTCUSDT', 't': 851426384, 'p': '37989.61000000', 'q': '0.03250000', 'b': 6024366188, 'a': 6024366175, 'T': 1621479398866, 'm': False, 'M': True}
{'e': 'trade', 'E': 1621479398867, 's': 'BTCUSDT', 't': 851426385, 'p': '37990.75000000', 'q': '0.10282300', 'b': 6024366188, 'a': 6024366172, 'T': 1621479398866, 'm': False, 'M': True}
{'e': 'trade', 'E': 1621479398867, 's': 'BTCUSDT', 't': 851426386, 'p': '37990.76000000', 'q': '0.11346100', 'b': 6024366188, 'a': 6024366170, 'T': 1621479398866, 'm': False, 'M': True}
{'e': 'trade', 'E': 1621479398867, 's': 'BTCUSDT', 't': 851426387, 'p': '37991.10000000', 'q': '0.05781800', 'b': 6024366188, 'a': 6024366134, 'T': 1621479398866, 'm': False, 'M': True}
{'e': 'trade', 'E': 1621479398867, 's': 'BTCUSDT', 't': 851426388, 'p': '37991.76000000', 'q': '0.03000000', 'b': 6024366188, 'a': 6024366073, 'T': 1621479398866, 'm': False, 'M': True}
{'e': 'trade', 'E': 1621479398867, 's': 'BTCUSDT', 't': 851426389, 'p': '37991.76000000', 'q': '0.02822700', 'b': 6024366188, 'a': 6024366103, 'T': 1621479398866, 'm': False, 'M': True}
{'e': 'trade', 'E': 1621479398867, 's': 'BTCUSDT', 't': 851426390, 'p': '37993.45000000', 'q': '0.06427200', 'b': 6024366188, 'a': 6024366173, 'T': 1621479398866, 'm': False, 'M': True}
{'e': 'trade', 'E': 1621479398867, 's': 'BTCUSDT', 't': 851426391, 'p': '37999.00000000', 'q': '0.01000000', 'b': 6024366188, 'a': 6024366053, 'T': 1621479398866, 'm': False, 'M': True}
{'e': 'trade', 'E': 1621479398867, 's': 'BTCUSDT', 't': 851426392, 'p': '38000.00000000', 'q': '0.01000000', 'b': 6024366188, 'a': 6024366187, 'T': 1621479398866, 'm': False, 'M': True}
{'e': 'trade', 'E': 1621479398867, 's': 'BTCUSDT', 't': 851426393, 'p': '38000.19000000', 'q': '0.04318200', 'b': 6024366188, 'a': 6024366147, 'T': 1621479398866, 'm': False, 'M': True}
{'e': 'trade', 'E': 1621479398867, 's': 'BTCUSDT', 't': 851426394, 'p': '38000.20000000', 'q': '0.29160000', 'b': 6024366188, 'a': 6024366128, 'T': 1621479398866, 'm': False, 'M': True}
{'e': 'trade', 'E': 1621479398867, 's': 'BTCUSDT', 't': 851426395, 'p': '38000.22000000', 'q': '0.00431400', 'b': 6024366188, 'a': 6024366051, 'T': 1621479398866, 'm': False, 'M': True}
{'e': 'trade', 'E': 1621479398877, 's': 'BTCUSDT', 't': 851426396, 'p': '38000.23000000', 'q': '0.01210600', 'b': 6024366191, 'a': 6024366045, 'T': 1621479398877, 'm': False, 'M': True}
{'e': 'trade', 'E': 1621479399020, 's': 'BTCUSDT', 't': 851426397, 'p': '37991.71000000', 'q': '0.00057100', 'b': 6024366214, 'a': 6024366226, 'T': 1621479399019, 'm': True, 'M': True}
{'e': 'trade', 'E': 1621479399050, 's': 'BTCUSDT', 't': 851426398, 'p': '37991.71000000', 'q': '0.00026700', 'b': 6024366214, 'a': 6024366234, 'T': 1621479399049, 'm': True, 'M': True}
{'e': 'trade', 'E': 1621479399050, 's': 'BTCUSDT', 't': 851426399, 'p': '37989.62000000', 'q': '0.01576200', 'b': 6024366227, 'a': 6024366234, 'T': 1621479399049, 'm': True, 'M': True}
{'e': 'trade', 'E': 1621479399236, 's': 'BTCUSDT', 't': 851426400, 'p': '37998.89000000', 'q': '0.05055400', 'b': 6024366248, 'a': 6024366207, 'T': 1621479399235, 'm': False, 'M': True}
{'e': 'trade', 'E': 1621479399306, 's': 'BTCUSDT', 't': 851426401, 'p': '37991.77000000', 'q': '0.00030000', 'b': 6024366251, 'a': 6024366258, 'T': 1621479399305, 'm': True, 'M': True}
{'e': 'trade', 'E': 1621479399307, 's': 'BTCUSDT', 't': 851426402, 'p': '37998.89000000', 'q': '0.00032700', 'b': 6024366259, 'a': 6024366207, 'T': 1621479399306, 'm': False, 'M': True}
{'e': 'trade', 'E': 1621479399731, 's': 'BTCUSDT', 't': 851426403, 'p': '37998.89000000', 'q': '0.00099900', 'b': 6024366295, 'a': 6024366313, 'T': 1621479399730, 'm': True, 'M': True}
{'e': 'trade', 'E': 1621479399731, 's': 'BTCUSDT', 't': 851426404, 'p': '37993.60000000', 'q': '0.01609100', 'b': 6024366293, 'a': 6024366313, 'T': 1621479399730, 'm': True, 'M': True}
{'e': 'trade', 'E': 1621479399776, 's': 'BTCUSDT', 't': 851426405, 'p': '37998.90000000', 'q': '0.00247700', 'b': 6024366322, 'a': 6024366296, 'T': 1621479399775, 'm': False, 'M': True}
{'e': 'trade', 'E': 1621479399836, 's': 'BTCUSDT', 't': 851426406, 'p': '37998.90000000', 'q': '0.16877300', 'b': 6024366331, 'a': 6024366296, 'T': 1621479399836, 'm': False, 'M': True}
{'e': 'trade', 'E': 1621479400033, 's': 'BTCUSDT', 't': 851426407, 'p': '37997.42000000', 'q': '0.01983400', 'b': 6024366374, 'a': 6024366379, 'T': 1621479400032, 'm': True, 'M': True}
{'e': 'trade', 'E': 1621479400050, 's': 'BTCUSDT', 't': 851426408, 'p': '37997.43000000', 'q': '0.00157100', 'b': 6024366384, 'a': 6024366341, 'T': 1621479400049, 'm': False, 'M': True}
{'e': 'trade', 'E': 1621479400332, 's': 'BTCUSDT', 't': 851426409, 'p': '37997.42000000', 'q': '0.00026400', 'b': 6024366440, 'a': 6024366392, 'T': 1621479400331, 'm': False, 'M': True}
{'e': 'trade', 'E': 1621479400332, 's': 'BTCUSDT', 't': 851426410, 'p': '37997.42000000', 'q': '0.01203100', 'b': 6024366440, 'a': 6024366424, 'T': 1621479400331, 'm': False, 'M': True}
{'e': 'trade', 'E': 1621479400376, 's': 'BTCUSDT', 't': 851426411, 'p': '37998.88000000', 'q': '0.00353100', 'b': 6024366458, 'a': 6024366434, 'T': 1621479400375, 'm': False, 'M': True}
{'e': 'trade', 'E': 1621479400430, 's': 'BTCUSDT', 't': 851426412, 'p': '37998.88000000', 'q': '0.00470800', 'b': 6024366477, 'a': 6024366449, 'T': 1621479400429, 'm': False, 'M': True}
{'e': 'trade', 'E': 1621479400677, 's': 'BTCUSDT', 't': 851426413, 'p': '37998.89000000', 'q': '0.10000000', 'b': 6024366508, 'a': 6024366332, 'T': 1621479400675, 'm': False, 'M': True}
{'e': 'trade', 'E': 1621479400677, 's': 'BTCUSDT', 't': 851426414, 'p': '37998.90000000', 'q': '0.00081600', 'b': 6024366508, 'a': 6024366502, 'T': 1621479400675, 'm': False, 'M': True}
{'e': 'trade', 'E': 1621479400677, 's': 'BTCUSDT', 't': 851426415, 'p': '38003.92000000', 'q': '0.03116800', 'b': 6024366508, 'a': 6024366465, 'T': 1621479400675, 'm': False, 'M': True}
{'e': 'trade', 'E': 1621479400822, 's': 'BTCUSDT', 't': 851426416, 'p': '38001.98000000', 'q': '0.00129500', 'b': 6024366547, 'a': 6024366561, 'T': 1621479400820, 'm': True, 'M': True}
{'e': 'trade', 'E': 1621479400854, 's': 'BTCUSDT', 't': 851426417, 'p': '38001.98000000', 'q': '0.03287800', 'b': 6024366547, 'a': 6024366570, 'T': 1621479400852, 'm': True, 'M': True}
{'e': 'trade', 'E': 1621479400937, 's': 'BTCUSDT', 't': 851426418, 'p': '38001.99000000', 'q': '0.00052400', 'b': 6024366587, 'a': 6024366540, 'T': 1621479400934, 'm': False, 'M': True}
{'e': 'trade', 'E': 1621479400984, 's': 'BTCUSDT', 't': 851426419, 'p': '38001.99000000', 'q': '0.00000200', 'b': 6024366601, 'a': 6024366540, 'T': 1621479400983, 'm': False, 'M': True}
{'e': 'trade', 'E': 1621479400984, 's': 'BTCUSDT', 't': 851426420, 'p': '38001.99000000', 'q': '0.00042700', 'b': 6024366601, 'a': 6024366571, 'T': 1621479400983, 'm': False, 'M': True}
{'e': 'trade', 'E': 1621479401073, 's': 'BTCUSDT', 't': 851426421, 'p': '38001.99000000', 'q': '0.01500000', 'b': 6024366614, 'a': 6024366571, 'T': 1621479401073, 'm': False, 'M': True}
{'e': 'trade', 'E': 1621479401078, 's': 'BTCUSDT', 't': 851426422, 'p': '38001.37000000', 'q': '0.00027700', 'b': 6024366552, 'a': 6024366615, 'T': 1621479401077, 'm': True, 'M': True}
{'e': 'trade', 'E': 1621479401109, 's': 'BTCUSDT', 't': 851426423, 'p': '37999.08000000', 'q': '0.00100000', 'b': 6024366612, 'a': 6024366621, 'T': 1621479401109, 'm': True, 'M': True}
{'e': 'trade', 'E': 1621479401110, 's': 'BTCUSDT', 't': 851426424, 'p': '38001.99000000', 'q': '0.01707300', 'b': 6024366622, 'a': 6024366571, 'T': 1621479401110, 'm': False, 'M': True}
{'e': 'trade', 'E': 1621479401110, 's': 'BTCUSDT', 't': 851426425, 'p': '38001.99000000', 'q': '0.00252700', 'b': 6024366622, 'a': 6024366596, 'T': 1621479401110, 'm': False, 'M': True}
{'e': 'trade', 'E': 1621479401222, 's': 'BTCUSDT', 't': 851426426, 'p': '38003.91000000', 'q': '0.01956000', 'b': 6024366654, 'a': 6024366664, 'T': 1621479401221, 'm': True, 'M': True}
{'e': 'trade', 'E': 1621479401323, 's': 'BTCUSDT', 't': 851426427, 'p': '38004.65000000', 'q': '0.10000000', 'b': 6024366707, 'a': 6024366180, 'T': 1621479401320, 'm': False, 'M': True}
{'e': 'trade', 'E': 1621479401327, 's': 'BTCUSDT', 't': 851426428, 'p': '38007.07000000', 'q': '0.00070800', 'b': 6024366714, 'a': 6024366453, 'T': 1621479401325, 'm': False, 'M': True}
{'e': 'trade', 'E': 1621479401417, 's': 'BTCUSDT', 't': 851426429, 'p': '38011.64000000', 'q': '0.04661200', 'b': 6024366800, 'a': 6024365808, 'T': 1621479401416, 'm': False, 'M': True}
{'e': 'trade', 'E': 1621479401434, 's': 'BTCUSDT', 't': 851426430, 'p': '38013.65000000', 'q': '0.03137000', 'b': 6024366818, 'a': 6024366765, 'T': 1621479401430, 'm': False, 'M': True}
{'e': 'trade', 'E': 1621479401434, 's': 'BTCUSDT', 't': 851426431, 'p': '38014.38000000', 'q': '0.05734400', 'b': 6024366818, 'a': 6024366754, 'T': 1621479401430, 'm': False, 'M': True}
{'e': 'trade', 'E': 1621479401434, 's': 'BTCUSDT', 't': 851426432, 'p': '38014.40000000', 'q': '0.01483800', 'b': 6024366818, 'a': 6024366487, 'T': 1621479401430, 'm': False, 'M': True}
{'e': 'trade', 'E': 1621479401492, 's': 'BTCUSDT', 't': 851426433, 'p': '38019.07000000', 'q': '0.00566100', 'b': 6024366832, 'a': 6024366871, 'T': 1621479401489, 'm': True, 'M': True}
{'e': 'trade', 'E': 1621479401547, 's': 'BTCUSDT', 't': 851426434, 'p': '38025.53000000', 'q': '0.00680400', 'b': 6024366898, 'a': 6024366903, 'T': 1621479401542, 'm': True, 'M': True}
{'e': 'trade', 'E': 1621479401597, 's': 'BTCUSDT', 't': 851426435, 'p': '38025.54000000', 'q': '0.03964500', 'b': 6024366939, 'a': 6024366888, 'T': 1621479401593, 'm': False, 'M': True}
{'e': 'trade', 'E': 1621479401620, 's': 'BTCUSDT', 't': 851426436, 'p': '38025.54000000', 'q': '0.00240800', 'b': 6024366953, 'a': 6024366888, 'T': 1621479401618, 'm': False, 'M': True}
{'e': 'trade', 'E': 1621479401620, 's': 'BTCUSDT', 't': 851426437, 'p': '38025.57000000', 'q': '0.01987600', 'b': 6024366953, 'a': 6024366787, 'T': 1621479401618, 'm': False, 'M': True}
{'e': 'trade', 'E': 1621479401620, 's': 'BTCUSDT', 't': 851426438, 'p': '38026.83000000', 'q': '0.00391900', 'b': 6024366953, 'a': 6024366915, 'T': 1621479401618, 'm': False, 'M': True}
{'e': 'trade', 'E': 1621479401673, 's': 'BTCUSDT', 't': 851426439, 'p': '38027.74000000', 'q': '0.04573700', 'b': 6024366976, 'a': 6024366986, 'T': 1621479401672, 'm': True, 'M': True}
{'e': 'trade', 'E': 1621479401710, 's': 'BTCUSDT', 't': 851426440, 'p': '38027.76000000', 'q': '0.01842600', 'b': 6024367017, 'a': 6024363951, 'T': 1621479401709, 'm': False, 'M': True}
{'e': 'trade', 'E': 1621479401713, 's': 'BTCUSDT', 't': 851426441, 'p': '38027.76000000', 'q': '0.00645500', 'b': 6024367019, 'a': 6024363951, 'T': 1621479401712, 'm': False, 'M': True}
{'e': 'trade', 'E': 1621479401728, 's': 'BTCUSDT', 't': 851426442, 'p': '38027.76000000', 'q': '0.00146200', 'b': 6024367028, 'a': 6024363951, 'T': 1621479401727, 'm': False, 'M': True}
{'e': 'trade', 'E': 1621479401737, 's': 'BTCUSDT', 't': 851426443, 'p': '38027.76000000', 'q': '0.09335900', 'b': 6024367033, 'a': 6024363951, 'T': 1621479401736, 'm': False, 'M': True}
{'e': 'trade', 'E': 1621479401761, 's': 'BTCUSDT', 't': 851426444, 'p': '38028.85000000', 'q': '0.30300000', 'b': 6024367037, 'a': 6024366375, 'T': 1621479401759, 'm': False, 'M': True}
{'e': 'trade', 'E': 1621479401761, 's': 'BTCUSDT', 't': 851426445, 'p': '38029.41000000', 'q': '0.00262900', 'b': 6024367037, 'a': 6024362202, 'T': 1621479401759, 'm': False, 'M': True}
{'e': 'trade', 'E': 1621479401761, 's': 'BTCUSDT', 't': 851426446, 'p': '38029.70000000', 'q': '0.00941000', 'b': 6024367037, 'a': 6024363595, 'T': 1621479401759, 'm': False, 'M': True}
{'e': 'trade', 'E': 1621479401761, 's': 'BTCUSDT', 't': 851426447, 'p': '38031.22000000', 'q': '0.02496100', 'b': 6024367037, 'a': 6024366983, 'T': 1621479401759, 'm': False, 'M': True}
{'e': 'trade', 'E': 1621479401761, 's': 'BTCUSDT', 't': 851426448, 'p': '38032.69000000', 'q': '0.15777900', 'b': 6024367037, 'a': 6024367014, 'T': 1621479401759, 'm': False, 'M': True}
{'e': 'trade', 'E': 1621479401761, 's': 'BTCUSDT', 't': 851426449, 'p': '38032.70000000', 'q': '0.00222100', 'b': 6024367037, 'a': 6024366076, 'T': 1621479401759, 'm': False, 'M': True}
{'e': 'trade', 'E': 1621479401853, 's': 'BTCUSDT', 't': 851426450, 'p': '38032.89000000', 'q': '0.05194000', 'b': 6024367076, 'a': 6024367102, 'T': 1621479401852, 'm': True, 'M': True}
{'e': 'trade', 'E': 1621479401853, 's': 'BTCUSDT', 't': 851426451, 'p': '38032.89000000', 'q': '0.02604000', 'b': 6024367077, 'a': 6024367102, 'T': 1621479401852, 'm': True, 'M': True}
{'e': 'trade', 'E': 1621479401934, 's': 'BTCUSDT', 't': 851426452, 'p': '38032.89000000', 'q': '0.06588300', 'b': 6024367077, 'a': 6024367127, 'T': 1621479401933, 'm': True, 'M': True}
{'e': 'trade', 'E': 1621479401958, 's': 'BTCUSDT', 't': 851426453, 'p': '38032.89000000', 'q': '0.01094700', 'b': 6024367077, 'a': 6024367132, 'T': 1621479401958, 'm': True, 'M': True}
{'e': 'trade', 'E': 1621479401971, 's': 'BTCUSDT', 't': 851426454, 'p': '38032.89000000', 'q': '0.19281800', 'b': 6024367077, 'a': 6024367135, 'T': 1621479401970, 'm': True, 'M': True}
{'e': 'trade', 'E': 1621479402003, 's': 'BTCUSDT', 't': 851426455, 'p': '38031.52000000', 'q': '0.00226200', 'b': 6024367095, 'a': 6024367145, 'T': 1621479402002, 'm': True, 'M': True}
{'e': 'trade', 'E': 1621479402044, 's': 'BTCUSDT', 't': 851426456, 'p': '38031.52000000', 'q': '0.01980000', 'b': 6024367095, 'a': 6024367163, 'T': 1621479402041, 'm': True, 'M': True}
{'e': 'trade', 'E': 1621479402044, 's': 'BTCUSDT', 't': 851426457, 'p': '38031.52000000', 'q': '0.00288000', 'b': 6024367095, 'a': 6024367164, 'T': 1621479402042, 'm': True, 'M': True}
{'e': 'trade', 'E': 1621479402066, 's': 'BTCUSDT', 't': 851426458, 'p': '38027.77000000', 'q': '0.00114100', 'b': 6024367175, 'a': 6024367170, 'T': 1621479402065, 'm': False, 'M': True}
{'e': 'trade', 'E': 1621479402093, 's': 'BTCUSDT', 't': 851426459, 'p': '38027.77000000', 'q': '0.01416900', 'b': 6024367182, 'a': 6024367170, 'T': 1621479402092, 'm': False, 'M': True}
{'e': 'trade', 'E': 1621479402097, 's': 'BTCUSDT', 't': 851426460, 'p': '38027.77000000', 'q': '0.05482000', 'b': 6024367186, 'a': 6024367170, 'T': 1621479402096, 'm': False, 'M': True}
{'e': 'trade', 'E': 1621479402102, 's': 'BTCUSDT', 't': 851426461, 'p': '38027.77000000', 'q': '0.02469100', 'b': 6024367188, 'a': 6024367170, 'T': 1621479402101, 'm': False, 'M': True}
{'e': 'trade', 'E': 1621479402141, 's': 'BTCUSDT', 't': 851426462, 'p': '38027.77000000', 'q': '0.00601500', 'b': 6024367207, 'a': 6024367170, 'T': 1621479402140, 'm': False, 'M': True}
{'e': 'trade', 'E': 1621479402191, 's': 'BTCUSDT', 't': 851426463, 'p': '38027.76000000', 'q': '0.00052500', 'b': 6024367056, 'a': 6024367220, 'T': 1621479402190, 'm': True, 'M': True}
{'e': 'trade', 'E': 1621479402191, 's': 'BTCUSDT', 't': 851426464, 'p': '38027.75000000', 'q': '0.00062900', 'b': 6024366991, 'a': 6024367220, 'T': 1621479402190, 'm': True, 'M': True}
{'e': 'trade', 'E': 1621479402249, 's': 'BTCUSDT', 't': 851426465, 'p': '38027.75000000', 'q': '0.00792400', 'b': 6024366991, 'a': 6024367250, 'T': 1621479402248, 'm': True, 'M': True}
{'e': 'trade', 'E': 1621479402259, 's': 'BTCUSDT', 't': 851426466, 'p': '38027.75000000', 'q': '0.00945800', 'b': 6024366991, 'a': 6024367252, 'T': 1621479402258, 'm': True, 'M': True}
